2678 4694
117 293 182 359 532
490 309 520 355 r.
543 308 725 356 ruaunrrr
751 309 840 357 arar

116 452 232 518 Alium
246 454 447 538 quaerebam,
461 453 526 517 iter
538 453 603 518 hac
620 453 734 529 habui,
750 453 892 537 periisti.
936 450 1008 515 Gn.
1031 449 1107 529 Eia,
1123 450 1215 517 haud

248 557 297 619 sic
313 555 419 619 decot.
1172 555 1219 620 35

119 659 188 724 ΡΗ.
211 657 349 722 Dictum
364 665 427 722 est.
472 657 544 722 Gn.
568 656 648 720 Non
665 675 835 739 cognosco
857 661 1004 721 vanuum
1018 661 1216 743 tamsuper·

249 761 339 825 bum.
383 760 454 824 ΡΗ.
476 760 534 823 Sic
549 760 620 823 erit⁴

121 863 193 928 Gn.
222 863 321 927 Prius
344 864 457 928 audite
473 865 611 946 paucis3
637 862 726 946 quod
749 882 827 926 curn
842 861 973 938 dixero,
989 863 1019 925 si
1039 861 1215 944 placuerit,

120 964 285 1030 Facitotc.
329 965 397 1029 ΡΗ.
420 963 620 1029 Audiamus.
665 964 737 1028 Gn,
759 963 812 1026 Tu
833 962 984 1027 concede
1006 962 1147 1046 paulum
1171 963 1216 1026 is·

250 1074 320 1144 tuo,
331 1067 474 1131 Thraso.

120 1170 292 1254 Principio
319 1189 380 1251 ego
410 1189 472 1233 vos
502 1169 634 1233 credere
663 1169 782 1232 ambos
807 1166 873 1231 hoc
894 1165 977 1229 mihi
1005 1165 1217 1231 vehementer

251 1273 363 1348 velim,

122 1373 194 1452 Me,
208 1375 306 1459 hujus
318 1374 475 1457 quicquid
486 1375 586 1452 facio,
596 1374 629 1436 id
641 1373 749 1438 lacere
760 1391 917 1438 maxume
930 1391 1037 1437 cansa
1048 1390 1146 1437 mea:
1176 1373 1217 1436 lo

120 1475 246 1541 Verum
263 1477 352 1540 idem
367 1476 398 1541 si
413 1477 506 1540 vobis
522 1476 670 1558 prodest,
683 1495 745 1540 vos
761 1474 961 1553 nonfacere,
976 1473 1114 1538 inscitia
1129 1472 1184 1538 ’st.

122 1647 177 1709 orit,
187 1648 322 1714 quodldicm
332 1651 405 1699 milri:
424 1652 547 1707 Quendam
563 1651 636 1699 olium
654 1649 796 1712 quoercltum,
812 1656 863 1711 out,
884 1650 935 1699 lter
952 1650 1013 1699 mihi
1022 1649 1125 1709 hocsnit
1133 1665 1143 1707 ,·
1158 1647 1219 1697 illico

119 1713 216 1775 peribis.
251 1716 305 1764 Gn.
326 1716 429 1764 Eiouon
445 1717 480 1764 sic
496 1717 602 1764 contenit
614 1716 705 1775 fucere.
740 1715 794 1764 ΡΗ.
811 1714 879 1764 Sulis
896 1715 938 1763 hoc
955 1715 1055 1780 sufficiat
1071 1714 1162 1763 dictum
1178 1712 1220 1761 tihi

115 1776 204 1834 fuisse.
238 1778 293 1828 Gn.
312 1779 368 1827 Non
385 1793 425 1827 nos
443 1794 554 1840 cognosco
570 1784 620 1828 tum
638 1779 746 1842 superios
764 1793 821 1827 esse.
854 1779 909 1828 ΡΗ.
931 1778 973 1828 Sic
984 1779 1040 1854 flet.
1074 1778 1130 1827 Gra.
1148 1777 1220 1827 Prius

101 1869 104 1877 ·
122 1842 264 1906 msditequoe
280 1842 382 1892 breuiter
397 1844 489 1892 dnum·
506 1846 555 1892 hoec
571 1845 611 1892 sihi
621 1842 1022 1905 dinero,sigrutusncriut„focrte.
1055 1841 1112 1893 ΡΗ.
1131 1842 1221 1891 Andiu-

121 1918 183 1954 Μ.
216 1907 271 1956 Gn,
290 1907 433 1957 Tncbrccde
448 1910 569 1971 psalmum
590 1909 660 1966 istuc,
677 1908 772 1956 Thraso.
806 1908 915 1955 Primum
924 1908 966 1954 hoc
985 1922 1025 1955 sos
1043 1921 1111 1967 rogo,
1126 1905 1221 1954 atenim

122 1970 234 2032 medatis,
244 1986 290 2033 rue,
302 1971 411 2034 quicqisid
422 1973 447 2021 in
458 1972 502 2019 hoc
517 1987 543 2019 re
552 1972 627 2031 socio,
647 1972 673 2018 iu
686 1971 769 2033 primis
787 1970 834 2018 mei
850 1970 933 2030 motio
944 1973 970 2018 id
980 1971 1078 2030 socero:
1094 1985 1185 2031 oman,
1200 1972 1221 2017 si

121 2031 183 2081 them
193 2050 279 2098 quoqne
289 2036 354 2084 nohis
363 2035 421 2084 nnn
432 2040 475 2097 cst,
486 2035 587 2085 stultitia
598 2042 641 2092 cst,
652 2037 675 2083 si
685 2037 711 2082 td
721 2034 880 2094 consociatis.
914 2034 970 2084 ΡΗ.
984 2035 1104 2090 Quidnam
1116 2034 1159 2082 hoc
1169 2039 1222 2098 cett?

122 2255 227 2303 Donato
246 2222 416 2302 soloeoismum
433 2255 514 2316 dicas,
532 2255 611 2304 stulto
631 2264 658 2304 et
676 2257 750 2305 militi
773 2256 978 2304 convenientem.
1001 2255 1073 2303 Brut.
1108 2258 1130 2302 0
1150 2254 1222 2302 Miles

124 2317 214 2369 Guelf.
226 2322 315 2367 a.-as
331 2317 360 2366 Si
369 2319 395 2367 iu
405 2320 483 2382 pluteo
493 2322 536 2369 hoc
545 2319 693 2383 tcoffludero
702 2326 755 2383 post
766 2334 876 2383 unquam
891 2320 952 2368 nihil
962 2319 1028 2367 dicas
1037 2316 1108 2380 mita]
1127 2317 1161 2368 0.
1172 2320 1190 2366 1.
1200 2332 1221 2367 a.

124 2388 253 2446 quotquot
264 2390 333 2442 sunt,
349 2382 387 2431 ita
398 2383 508 2433 habent:
528 2385 558 2434 Si
567 2390 591 2433 te
604 2386 627 2432 ia
637 2386 717 2447 pluteo
727 2384 847 2449 offendero
856 2385 910 2443 huc,
924 2388 978 2446 post
989 2398 1091 2445 unquam
1109 2383 1172 2430 nihii
1189 2386 1222 2431 est

123 2449 185 2510 quod
195 2447 259 2495 dhus
270 2447 344 2495 mihi:
358 2446 396 2496 ita
406 2462 495 2497 versus
507 2456 576 2498 esset
587 2450 732 2498 trochaicus
753 2449 1014 2512 hypercatalecticus,
1031 2445 1178 2510 cujusmodi
1196 2453 1223 2494 et

124 2510 187 2559 alibi
199 2511 266 2573 apud
279 2511 427 2560 Terentium
440 2512 615 2562 inveniuntur.
648 2514 747 2574 Quare,
758 2515 779 2560 si
792 2514 848 2577 quis
858 2513 918 2561 hinc
927 2512 1064 2560 detrahere
1077 2511 1139 2573 quid
1152 2511 1224 2574 velit,

125 2581 156 2624 nt
165 2589 268 2624 versum
278 2573 357 2625 faciat
369 2577 561 2641 catalecticum,
572 2577 673 2640 negabo
681 2593 713 2626 ex
726 2577 780 2626 sola
789 2578 888 2625 ratione
900 2590 988 2624 versus
1000 2575 1026 2622 id
1037 2574 1126 2624 facere
1138 2575 1224 2635 licere,

125 2639 174 2688 nisi
187 2641 361 2688 testimonium
375 2641 497 2690 librorum
509 2644 661 2705 scriptorum
675 2641 776 2691 afferat.
808 2642 862 2690 Nos
879 2655 943 2704 ergo
960 2655 991 2687 ex
1003 2638 1126 2687 Bembini
1137 2647 1224 2688 sucto-

125 2705 205 2753 ritute
222 2705 288 2753 hunc
307 2705 391 2753 locum
411 2707 586 2762 emendamus,
604 2707 763 2757 detrahendo
785 2705 831 2753 has
850 2705 914 2754 duas
933 2704 1069 2763 dictiones,
1092 2703 1156 2753 nihil
1173 2708 1223 2752 est:

125 2783 200 2831 quam
212 2769 348 2818 lectionem
362 2779 389 2820 et
402 2772 520 2821 Donatus
532 2773 573 2820 hic
585 2779 612 2821 et
623 2787 701 2835 supra
713 2775 797 2822 Sceua
809 2774 833 2820 7.
846 2778 919 2818 actus
931 2768 1026 2833 quarti,
1043 2769 1065 2815 si
1077 2768 1144 2817 berre
1164 2781 1222 2816 con-

126 2832 293 2884 sidereturin
311 2835 383 2883 libris
395 2838 510 2898 scriptis,
527 2838 590 2886 licet
610 2852 641 2885 ex
660 2844 733 2898 parte
751 2835 890 2896 corruptis,
908 2841 990 2882 tenet.
1023 2832 1093 2880 Puto
1113 2845 1164 2896 ego
1183 2832 1225 2881 illa

125 2899 176 2946 duo
190 2899 337 2948 verbanihil
346 2907 380 2948 est
393 2901 425 2948 ab
436 2903 521 2963 aliquo
534 2902 672 2961 inculcata,
690 2902 733 2963 qui
751 2915 802 2948 non
820 2898 979 2947 intellexerit
989 2897 1105 2945 Terentii
1123 2897 1224 2945 modum

124 2961 254 3026 loquendi.
288 2963 340 3012 Hic
352 2965 419 3011 enim
437 2964 585 3012 adverbium
603 2965 704 3026 ‘qnod'
724 2962 852 3026 significat
871 2963 906 3023 id,
925 2961 992 3025 qnod
1013 2962 1090 3022 vulgo
1107 2961 1224 3023 dicimus,

86 3022 91 3034 ¹
125 3033 249 3088 quantum
261 3026 293 3074 ud
305 3027 341 3074 id.
360 3029 403 3075 Fu
439 3028 748 3077 (lrnnesuostrinilrilest
767 3031 835 3090 quod.
869 3028 1019 3089 Perperam.
1052 3026 1164 3086 Elegans
1185 3026 1225 3073 hic

100 3118 104 3126 =
126 3096 168 3137 est
187 3103 246 3138 usus
264 3091 398 3151 particulae
418 3091 524 3154 ‘qnod'
541 3091 615 3141 Beni.
654 3093 773 3154 Unquam]
791 3093 823 3142 In
843 3091 910 3140 Pall.
930 3097 997 3139 teste
1020 3090 1083 3138 Par.
1103 3090 1165 3137 nihil
1182 3093 1225 3140 est.

126 3152 199 3204 Perl.
233 3152 309 3214 Legit
323 3153 419 3216 Delplr.
432 3156 499 3217 quod
513 3164 553 3205 cst
564 3157 589 3204 in
603 3157 674 3205 initio
687 3158 737 3220 huj.
748 3159 835 3217 Notae,
850 3157 897 3204 nisi
909 3155 976 3219 quod
988 3154 1068 3202 lrabet
1083 3154 1145 3202 nihil
1156 3157 1224 3216 quod.

127 3217 198 3266 Nihil
208 3222 242 3265 est
254 3220 314 3279 quod
324 3219 434 3268 Bu-aa
452 3218 517 3267 Heio
534 3221 580 3268 Br.
602 3223 679 3270 Bent.
697 3223 774 3272 Both.
793 3221 930 3270 Peru—ao
949 3221 1058 3269 Vostrum
1077 3233 1154 3278 genus
1172 3226 1224 3268 tres

127 3281 194 3332 Pall
211 3281 345 3330 Pera-aa
360 3284 432 3343 Lego
440 3285 543 3344 ponium.
559 3285 638 3335 Bent.
673 3287 787 3334 Auditote
797 3284 886 3334 Guelf.
899 3289 923 3332 3.
957 3285 1032 3344 Huic,
1049 3284 1143 3331 omisso
1156 3285 1225 3344 istuc,

126 3348 151 3394 ἢ.
168 3345 235 3394 Perl-
269 3345 372 3394 Ponhon
382 3347 445 3395 dant
456 3349 517 3410 Bip.
529 3350 626 3411 Delplr.
637 3352 715 3398 Both.
730 3350 865 3399 Peri-39
885 3349 942 3398 Volo
958 3349 1011 3397 Ma.
1030 3348 1098 3410 Lips.
1117 3347 1151 3396 G.
1163 3348 1224 3395 EM.

130 3409 207 3459 Weo.
241 3409 347 3486 Antiqui
357 3410 416 3460 libri
427 3420 454 3462 et
471 3413 523 3462 Do.
540 3413 578 3460 ita
597 3414 733 3474 collocant,
748 3429 790 3461 cos
806 3412 884 3461 omhos
897 3413 997 3461 medere.
1014 3413 1059 3460 Fa.
1096 3413 1154 3459 Duo
1171 3419 1226 3460 tan·

127 3481 182 3522 tum
194 3488 227 3523 ex
239 3481 332 3522 nostru
342 3477 435 3525 credere
445 3478 539 3526 nmhos:
556 3478 623 3538 quod
645 3485 740 3536 tamen,
757 3478 798 3526 vel
816 3477 871 3523 sine
891 3477 950 3534 illis,
968 3491 1057 3525 versus
1076 3477 1125 3524 sibi
1145 3475 1225 3524 vindi·

127 3546 210 3590 caret.
245 3539 328 3587 Porro
341 3554 428 3588 omnes
439 3542 534 3590 habent
545 3544 603 3601 solo,
620 3557 669 3589 non
689 3543 768 3591 velim.
802 3541 1041 3589 EtsicEdd.vert.
1059 3541 1133 3588 Brut.
1170 3541 1225 3589 Volo

128 3602 202 3655 uer
221 3611 288 3654 vett.
309 3603 371 3653 liblr.
390 3605 461 3654 Lind.
494 3606 581 3654 Ambos
601 3609 695 3654 credero
716 3607 762 3655 Br.
786 3606 844 3667 Bip.
867 3605 961 3667 Delph.
1000 3605 1057 3653 Volo
1079 3605 1125 3652 Br.
1148 3605 1225 3653 Bent.

127 3666 224 3731 Delplr.
235 3669 315 3717 Both.
328 3675 355 3717 et
366 3669 435 3719 Perl.
444 3670 486 3732 qui
499 3679 585 3718 monet
600 3671 668 3719 celim
689 3685 745 3719 esse
763 3671 787 3718 in
801 3668 889 3719 Grrelf.
900 3672 990 3717 3.-40
1009 3669 1106 3718 Faciam
1118 3668 1152 3716 G.
1165 3669 1224 3716 ΕΜ.

129 3731 207 3781 West.
242 3733 338 3782 Fociom
354 3733 582 3783 libriomnescum
603 3735 663 3782 edd.
683 3741 747 3784 vett.
765 3735 838 3783 Beni.
871 3733 970 3782 Furium
989 3732 1227 3781 venenantur.

126 3794 172 3844 Sic
184 3796 229 3844 Br.
239 3797 316 3846 Bent.
330 3798 425 3860 Delph.
439 3797 497 3859 Bip.
509 3799 587 3848 Both.
599 3807 628 3849 et
646 3801 715 3848 Peri.
727 3799 769 3862 qni
788 3805 861 3847 notat
873 3797 941 3856 focio
960 3798 1052 3845 esseio
1070 3795 1158 3845 Guelf.
1170 3800 1225 3845 ³.-

128 3862 159 3909 41
181 3859 267 3909 Vernos
283 3862 308 3911 id
323 3861 433 3924 uvolis]
450 3861 484 3911 0.
495 3863 513 3911 l.
526 3877 546 3912 a.
560 3871 587 3912 et
599 3865 726 3926 Donatus,
742 3863 860 3912 Verurnsi
876 3863 955 3911 idem:
972 3876 1020 3911 nec
1033 3875 1121 3910 versus
1134 3874 1226 3925 repug-

620 3977 730 4027 NOTAE

159 4083 194 4128 88
212 4078 351 4128 Tacoucede
366 4081 460 4141 paulum
476 4077 546 4137 istuc,
559 4076 659 4140 strare]
699 4074 751 4125 ruri
762 4072 857 4122 audiat.

130 4155 163 4206 1o
175 4154 239 4204 facit
250 4155 363 4218 Gnatho,
375 4170 407 4204 ne
423 4155 501 4203 Miles
517 4168 544 4203 se
558 4153 656 4214 vitupe-
