2678 4694
515 297 534 342 Ρ
542 297 716 345 BBIOCHA.

55 439 254 515 PHRYGIA,
270 437 399 504 ancilla.
431 439 477 500 4Α
486 438 594 521 patria
608 429 780 503 nominata.

56 543 236 606 Nuanrx.
348 541 351 545 ’

52 643 293 720 ΑΝΤΙΡΗΠΑ,
320 640 418 704 amica
445 638 568 705 Cliniae.
612 643 664 706 Aa
679 644 752 721 irael,
774 651 892 725 contra,
907 654 936 708 et
953 642 1034 725 dina,
1050 646 1159 711 amica.

148 741 249 811 Quasi
263 753 369 810 contra
385 753 413 806 et
427 740 560 806 uicissim
573 765 690 809 amares.

474 967 749 978 ...η-..-

55 1141 108 1218 C.
151 1142 382 1219 SULPICII
435 1143 795 1220 APOLLINARIS
860 1145 1161 1223 PERIOCHA¹

128 1329 186 1394 IN
209 1327 446 1394 TERENTII
469 1327 1098 1397 HEAUTONTIMORUMBNON.

182 1512 222 1572 Iu
238 1511 370 1570 militiam
380 1511 527 1592 proficisci
542 1522 665 1591 gnatam
682 1513 809 1574 Cliniam

181 1609 339 1666 Amantem
354 1608 536 1686 Antiphilam
554 1608 698 1688 compulit
712 1611 804 1671 durus
818 1622 922 1692 pater:

181 1703 340 1781 Animique
354 1723 420 1764 sese
434 1707 573 1783 angebat,
588 1707 658 1765 tacti
673 1708 829 1786 paenitens.

181 1799 257 1858 Mox
270 1808 303 1858 ut
317 1819 450 1859 reversas
464 1810 520 1872 est,
535 1799 634 1861 clam²
648 1812 760 1880 patrem
778 1803 933 1864 divortitar

182 1894 232 1953 Ad
247 1894 457 1974 Clitiphonem,
471 1895 496 1955 is
511 1898 629 1955 amabat
645 1908 774 1957 scortum
790 1899 980 1959 Bacchidem.

183 1991 261 2050 Cum
276 2001 439 2051 arcesseret
452 1989 602 2071 cupitam³
618 1994 798 2072 Antiphilam
814 1994 922 2069 Clinia,

183 2088 226 2146 Ut
239 2088 303 2166 ejas
318 2088 444 2148 Bacchis
460 2089 540 2147 venit
555 2088 674 2159 amica‚⁴
687 2110 722 2149 ac
737 2089 861 2149 servolae

184 2184 326 2242 Habitum
343 2205 448 2263 gerens
460 2185 620 2264 Antiphila,
635 2186 745 2245 factum
761 2186 802 2258 id,
817 2206 876 2264 quo
890 2194 1003 2265 patrem
1097 2200 1098 2204 ’

183 2281 277 2339 Suum
292 2282 403 2342 celaret
417 2281 565 2360 Clitipho:
588 2282 636 2340 hic
651 2282 766 2340 technis
782 2281 871 2362 Syri‚⁵

183 2377 296 2438 Decem
310 2378 404 2438 minas
416 2378 609 2437 meretriculae
624 2380 721 2438 aufert
735 2399 752 2437 a
767 2399 847 2440 sene.

93 2525 172 2573 Pater
183 2524 344 2583 Menedemus,
356 2523 423 2584 justo
434 2525 545 2587 saeuior,
559 2525 662 2574 Cliniam
667 2525 749 2588 filium
761 2524 838 2585 erigit
851 2523 1044 2585 uictemjergiis,
1054 2537 1106 2571 cum
1115 2522 1164 2573 du·

62 2588 280 2650 tiphitamamaret,
291 2591 322 2636 ad
333 2589 418 2638 hellam
428 2590 481 2647 ire,·
501 2596 524 2639 et
541 2590 590 2650 ipse
609 2591 768 2645 Menedemus,
785 2590 922 2651 penitentia
939 2591 1023 2636 dactus
1034 2589 1089 2636 talis
1100 2590 1165 2636 duri·

62 2654 113 2712 liei,
123 2655 228 2714 seipsam
238 2654 357 2701 cruciabat
369 2656 394 2702 in
405 2653 491 2702 neimo.
526 2654 614 2702 Statim
632 2660 658 2702 ut
677 2654 726 2716 ipse
746 2653 825 2700 Clinia
843 2654 917 2701 rediit
933 2652 1032 2709 militia,
1049 2654 1165 2700 nesciente

64 2722 128 2777 patre
140 2716 251 2777 divertit,
268 2723 291 2765 et
307 2732 332 2765 se
348 2718 434 2780 recipit
445 2720 508 2780 apud
521 2719 688 2780 Clitiphonem,
701 2717 833 2766 Chremetis
836 2718 925 2779 filium.
959 2715 986 2764 Is
999 2716 1103 2776 Clitipho
1114 2732 1167 2776 cap·

64 2785 101 2828 tus
111 2786 165 2829 erat
175 2795 252 2829 amare
268 2782 393 2831 Bacchidis
404 2781 543 2830 meretricie.
579 2783 638 2829 Cum
652 2781 732 2829 Clinia
747 2781 884 2828 accersitam
895 2781 996 2828 miemset
1008 2780 1168 2840 Antiphilam,

65 2845 129 2903 cujac
147 2844 256 2894 aidendoe
275 2847 368 2906 ingenti
386 2847 501 2895 desiderio
514 2845 651 2907 flagrabat,
669 2845 774 2893 Bacchis
792 2845 864 2892 etiam
885 2844 950 2892 venit
968 2857 1019 2891 cunr
1031 2844 1167 2904 Antiphila,

64 2923 114 2969 pua
125 2909 209 2958 serviti
218 2909 300 2958 hahita
310 2902 394 2959 iadu'ta
404 2916 449 2968 est,
461 2910 600 2973 qenaisoret
617 2909 745 2958 Bacchidis
755 2923 831 2959 serua.
865 2905 1059 2967 ldsaatumfait,
1069 2911 1096 2954 ut
1107 2907 1167 2955 hanc

65 2987 113 3019 rem
129 2973 200 3036 patri
216 2988 256 3021 sero
276 2977 402 3023 occultaret
422 2975 535 3037 Clitipho,
554 2989 583 3022 ne
598 2975 639 3022 ille
658 2975 855 3023 animaduerteret
868 2973 1011 3021 Bacchidem
1021 2986 1036 3018 a
1047 2985 1071 3018 ee
1081 2972 1166 3020 amari.

66 3035 113 3085 Hic
127 3038 236 3100 Clitipho
246 3055 261 3086 a
278 3038 401 3088 Chremete
411 3044 535 3102 extorquet
544 3054 587 3101 pro
598 3040 718 3088 Bacchide
728 3041 804 3088 amica
814 3040 891 3087 decem
905 3036 990 3099 minas,
1001 3040 1053 3084 arte
1068 3040 1090 3084 et
1102 3040 1167 3084 astu·

528 3168 709 3199 oeeouoee'eeo

96 3274 109 3317 l
128 3269 189 3318 Hoc
203 3277 389 3330 argumentum,
400 3276 428 3319 et
447 3270 585 3333 Prologus,
596 3285 670 3334 acque
691 3286 721 3319 ac
742 3275 798 3320 tota
815 3269 948 3320 Comoedia
963 3269 989 3318 in
1006 3263 1170 3332 Ms.junctis

21 3374 26 3381 .
66 3334 183 3383 versibus
196 3342 304 3382 exarata
315 3343 364 3384 est.
380 3336 522 3383 Brenn—2
539 3337 601 3383 Max
609 3342 645 3396 ut,
655 3351 770 3395 reterens,
781 3338 842 3383 clam
851 3337 927 3384 Both.
939 3335 984 3398 qui
995 3342 1083 3382 notat:
1101 3335 1108 3359 ‘
1121 3334 1168 3380 Le·

68 3398 134 3458 gitur
151 3413 259 3448 reuersus
274 3403 320 3458 est,
331 3415 365 3449 nr.
377 3399 404 3459 l.,
421 3399 469 3446 nisi
482 3400 579 3447 scribas
588 3406 714 3460 reeereuet,
725 3399 794 3463 quod
807 3400 982 3448 duriusculum
995 3398 1021 3447 in
1033 3412 1098 3445 noro
1110 3411 1168 3444 anc-

68 3461 141 3511 tare.'
167 3463 288 3525 Alpatre
298 3463 429 3512 devertitur
448 3463 489 3510 vel
505 3464 690 3513 dicendum—³
709 3463 749 3511 ΑΙ.
760 3470 885 3513 accerseret
895 3464 1009 3526 cupitum.
1033 3463 1168 3511 Acceaaeret

68 3525 163 3576 Ita-a
181 3527 261 3577 Both.
283 3528 345 3575 Item
360 3527 421 3575 atius
439 3527 504 3576 uenit
521 3527 625 3576 Bacchis
643 3529 776 3577 amica-5
793 3527 826 3576 In
843 3529 897 3578 Ms.
914 3530 952 3576 sic
973 3527 1098 3590 scripturn
1115 3529 1166 3585 cat,

563 3655 670 3706 NOTAE

97 3757 129 3802 lu
147 3753 236 3804 Decem
254 3753 341 3815 minas]
359 3752 507 3815 Scriptores
526 3754 595 3802 Lati·
638 3754 784 3805 drachmas:
802 3754 883 3817 igitar
899 3752 988 3802 decern
1006 3749 1081 3797 minae
1101 3743 1168 3796 attt-

67 3829 100 3892 ai,
113 3830 253 3893 pariteret
269 3829 366 3892 Graeci,
377 3828 498 3879 drachma
514 3831 596 3879 etde·
637 3846 674 3880 cas
697 3833 785 3881 valent
816 3834 873 3878 100.
901 3825 1035 3877 coronatis
1062 3825 1167 3885 nostris,

67 3909 138 3957 nario
162 3908 309 3972 promiscue
331 3914 452 3956 utantur:
475 3908 596 3956 denarias
636 3906 691 3954 sive
712 3905 836 3954 trecentis
860 3904 931 3953 libris
959 3901 1167 3950 Turonensilras:

68 3992 154 4032 autem
177 3983 310 4032 Romanas
333 3984 404 4032 valet
431 3996 476 4030 sex
496 3983 596 4031 assibus
637 3995 695 4030 narn
714 3983 783 4030 mina
802 3980 893 4030 decern
910 3977 1036 4027 coronatis
1057 3976 1168 4040 aequiva-

68 4061 162 4109 nestris
172 4057 598 4119 Turonensihus,atdrsclrmaAt·
637 4058 683 4108 let.

68 4137 127 4186 tica.
158 4135 244 4185 Mine
271 4134 361 4186 Attica
388 4133 467 4186 hahet
492 4143 597 4185 centum
