2678 4694
199 308 285 375 102⁴
568 322 600 369 r.
622 317 804 368 raasnrrr
828 314 916 364 irat
986 366 1003 393 Δ,

199 464 271 533 Sed
295 464 368 530 isnc
395 470 460 542 est,
484 482 586 546 quem
608 480 737 545 quaero,
763 479 806 524 au
832 459 921 525 noni
944 456 1042 540 ipsus
1066 460 1132 522 est.
1176 455 1286 521 Prion.

329 562 537 647 Congredere
552 569 711 628 actutum.
758 557 830 624 AN.
853 559 944 636 Quid
959 559 1034 622 esti
1090 588 1108 623 .·
1165 618 1169 623 .

200 667 269 733 Ga.
292 664 322 730 0
340 665 500 742 omnium,
516 670 676 749 qnantum
693 668 755 740 est,
768 662 829 746 qui
851 662 978 739 vivant,
1000 661 1102 725 homo
1128 658 1288 726 hominum

330 764 541 831 ornatissime
553 764 560 829 !

201 871 292 938 Nam
309 871 382 934 sine
398 866 621 933 controversia
636 866 679 929 ab
695 865 760 930 Dis
776 864 872 928 solus
888 863 1037 946 diligere,
1053 860 1218 945 Antipho.

201 973 273 1039 ΑΝ.
295 971 350 1037 lta
363 970 488 1034 velim:
510 967 580 1048 sed,
607 969 665 1052 qui
689 968 778 1032 istuc
796 965 928 1030 credam
943 965 994 1030 ita
1009 983 1106 1042 esse,
1125 962 1208 1028 mibi
1226 958 1288 1026 dici

199 1172 269 1238 Gn.
286 1071 466 1253 Βαῖἰθιῌῗὲῐ,
482 1171 513 1235 sl
529 1177 561 1236 te
577 1170 766 1236 delibutum
781 1169 903 1254 gaudio
917 1167 1052 1234 rcddol
1076 1165 1153 1233 An.
1168 1064 1289 1246 limicalg
1332 1148 1334 1155 ’

199 1276 322 1341 Pron.
345 1273 439 1354 Quin
461 1280 497 1341 to
516 1273 594 1339 binc
616 1273 876 1358 pollicitationes
901 1270 1008 1348 anser,
1033 1278 1082 1348 et,
1100 1268 1195 1353 quod
1215 1267 1286 1344 fers,

327 1375 423 1441 cedo.
466 1373 539 1440 Ga.
562 1373 633 1440 Obl

198 1478 253 1542 Tb
277 1490 416 1562 quoquo
435 1475 493 1541 bic
517 1475 648 1553 aderas,
672 1473 852 1540 Phormiol
895 1472 1020 1538 Prion.
1045 1470 1294 1582 Aderam-'red¹

331 1576 471 1643 cessasl
498 1582 502 1588 ’
516 1574 585 1643 Ga.
607 1576 747 1660 Accipe,
760 1573 857 1639 hem!

200 1678 251 1743 Ut
266 1678 368 1745 modo
384 1684 552 1763 argentum
569 1679 630 1743 tibl
645 1675 799 1741 dedimus
811 1675 904 1759 apud
919 1674 1039 1754 forum,
1055 1681 1152 1741 recta
1165 1676 1289 1740 domum

197 1864 245 1910 ter.
278 1861 327 1910 Sed
338 1862 388 1910 hae
399 1867 435 1910 est
445 1861 560 1924 Antipho,
568 1877 635 1925 qoem
646 1872 733 1925 quarn
741 1876 774 1910 un
789 1857 857 1910 soni
872 1860 922 1922 ipse
931 1864 975 1908 est.
1008 1857 1067 1908 Pit.
1085 1858 1206 1923 Antipho,
1216 1857 1293 1917 mnia·

196 1924 243 1973 tina
251 1924 425 1973 burconoesi.
450 1923 505 1974 An.
524 1926 590 1980 Quin
605 1931 659 1974 est?
685 1926 737 1975 Ga.
756 1925 1291 1986 Ohonroonrnisrnqactqsotistmsdegsnt

197 1987 317 2043 bonnam
325 1988 431 2038 omnibus
440 1989 504 2038 hosis
514 1989 649 2046 etsorm
658 1989 823 2037 mothrim:
832 2004 888 2036 num
894 1989 1046 2048 morslornsr'
1056 1987 1130 2036 dnbio
1137 1988 1185 2038 Dia·
1195 1993 1219 2036 te
1227 1988 1291 2047 elege-

197 2057 255 2102 rsst
265 2069 333 2116 paens
350 2055 424 2102 solens
433 2059 550 2113 animat,
560 2054 675 2118 Antipho.
708 2051 760 2102 Aa.
780 2053 879 2102 Utinam
893 2051 929 2101 ito
944 2052 1038 2112 sit,sed
1052 2053 1125 2114 capio
1140 2053 1203 2100 stilti
1214 2051 1292 2111 retent

198 2133 293 2167 msam
314 2134 360 2182 qao
378 2120 464 2181 posmrn
483 2119 569 2167 adduci
585 2122 617 2168 ad
635 2118 677 2166 bac
695 2118 843 2166 credendm.
880 2117 933 2166 Ga.
952 2115 1045 2179 Ecquid
1063 2117 1112 2165 tibi
1128 2117 1226 2181 suffieit,
1240 2115 1292 2164 site

195 2182 287 2242 guadio
297 2187 371 2232 totam
381 2181 511 2246 persumet
535 2183 589 2232 Pu.
607 2183 671 2237 Quin
680 2187 708 2231 trs
717 2196 793 2231 curas
799 2181 944 2245 pouicnwt
954 2183 1016 2244 qaod
1026 2179 1186 2230 ananam
1195 2194 1220 2229 es
1229 2179 1293 2228 dicht

199 2245 252 2296 Gru.
270 2248 355 2296 Nosne
373 2248 412 2296 bie
427 2260 532 2311 proesess
549 2261 636 2311 qaoque
648 2246 741 2305 suisti?
773 2246 828 2295 Par.
846 2246 952 2304 Fatrcd
965 2245 1094 2294 mninrie
1104 2245 1217 2294 moraris.
1247 2245 1291 2293 Ge.

196 2310 264 2362 Anci
281 2311 366 2375 igitur,
383 2312 453 2370 bern,·
468 2318 497 2361 at
511 2314 579 2361 modo
596 2316 721 2373 argentm
738 2309 786 2360 tihi
795 2310 906 2359 solenniis
915 2309 1070 2373 opadfornna
1079 2314 1148 2359 recta
1158 2309 1199 2359 cia
1209 2311 1292 2359 mnan

653 2450 833 2482 aunuum

196 2543 304 2602 busdam
316 2551 392 2603 abest
401 2553 451 2615 qni,
486 2549 537 2602 uod
554 2558 582 2602 et
599 2551 714 2602 Faernus
726 2559 753 2600 et
765 2551 798 2602 G.
808 2548 941 2600 Fabricius
953 2549 1144 2613 rejiciuntur.
1156 2550 1291 2612 Fabricius,

198 2617 248 2673 Qui
258 2617 453 2668 nrina'tctmulum,
495 2627 504 2666 t
514 2633 575 2666 sane
586 2604 724 2667 ‘minitas'
731 2623 758 2665 et
768 2623 775 2645 ¹
784 2613 927 2665 minitabis'
940 2615 1064 2664 Naerium
1073 2622 1102 2665 et
1111 2617 1235 2668 Plautum
1243 2615 1291 2664 din·

196 2681 355 2731 issehlonius
367 2685 467 2728 vrr.5l.
479 2681 609 2728 observat.
641 2682 780 2730 Miuitatnr
798 2690 883 2729 autem
921 2679 993 2742 legas
1010 2687 1038 2728 et
1058 2681 1180 2731 verbera.
1214 2681 1290 2730 Plaut

195 2746 272 2795 Pers.
283 2757 310 2793 v.
320 2747 345 2793 2.
356 2747 397 2792 25.
418 2743 493 2793 West.
526 2743 624 2793 Delent
633 2745 674 2807 qai
685 2745 716 2793 Bi
738 2778 745 2794 .
757 2746 834 2795 Both.
845 2744 890 2794 Br.
901 2693 1042 2793 lgent-12
1055 2745 1114 2808 ipae
1123 2752 1161 2795 cst
1172 2744 1289 2797 ouans.

194 2807 262 2858 Dele
273 2821 366 2856 nomeu
378 2807 551 2868 Plrormiouis,
566 2816 662 2857 etcum
675 2759 758 2858 Codpd.
772 2811 871 2874 aliquot
882 2801 975 2857 nostris
987 2808 1068 2859 θεῖε
1081 2817 1166 2860 toturn
1178 2811 1290 2861 attribue.

195 2873 213 2922 1
239 2877 292 2922 nst:
307 2873 448 2935 congredere
466 2877 579 2921 ortmann.
604 2873 682 2922 Bent.
715 2874 796 2920 Male.
831 2873 897 2919 Nam
918 2873 1029 2932 primum
1049 2875 1178 2934 Phormio
1195 2889 1243 2922 nou
1262 2875 1290 2922 ad

196 2889 291 2988 lfgtam
302 2936 344 2985 illa
355 2936 435 2984 verba
444 2936 518 2996 dicit,
529 2936 574 2985 sed
587 2937 618 2985 ad
630 2936 812 2998 Antiphonem.
829 2932 933 2983 Deinde
945 2934 1018 2997 leges
1028 2936 1146 2987 sceuicae
1158 2939 1288 3002 postulant,

194 3008 226 3052 nt
236 3015 337 3065 quoqne
350 2999 509 3050 Plrormioois
518 3001 602 3050 oratio
613 3001 792 3050 interseratur.
825 2998 946 3062 Denique
959 2998 1054 3048 durum
1065 3009 1117 3056 est.
1135 3003 1208 3053 Getta
1217 3002 1287 3049 talcrn

194 3065 339 3115 orationem
353 3063 476 3115 tribuere.
494 3065 570 3115 Zeno.
586 3065 769 3129 Bentleiannm
788 3062 918 3126 improbat
929 3062 1000 3112 Perl.
1019 3064 1091 3119 Quid
1101 3072 1137 3116 est
1148 3065 1285 3128 Antiphoni

195 3120 480 3180 continuatlioth.-13
493 3129 557 3179 Mes.
570 3129 754 3193 Lips.G.Wit.
765 3126 858 3177 Bueud.
867 3140 925 3175 cum
934 3126 1080 3179 edd..lnnt.
1090 3130 1224 3180 Aldllob.
1234 3130 1289 3179 Ste-

193 3193 282 3305 finani,
294 3193 361 3252 aliis,
374 3192 496 3255 Omnian,
507 3199 620 3256 penatum
629 3193 721 3257 σεε,ᾳυί
731 3193 821 3253 cicant,
831 3191 949 3240 bmninrrm
957 3191 1025 3240 bonan
1036 3194 1229 3245 honoratissime.
1245 3194 1288 3246 Sed

224 3272 275 3304 orno
288 3257 407 3305 hominnm
418 3250 531 3305 Faernus
544 3257 633 3306 laudat
644 3258 676 3306 ob
689 3264 807 3307 metrum.
840 3256 913 3304 Dixit
933 3264 1033 3319 autem,
1056 3260 1227 3320 Omatissine,
1240 3274 1290 3324 pro,

191 3316 350 3371 beatissime.
368 3319 457 3368 Plaut.
468 3318 651 3371 Aul.rv.9.10.
665 3321 742 3370 ‘Heu
750 3335 791 3368 rne
799 3320 930 3379 miserum,
938 3320 1078 3371 miserum!
1091 3326 1160 3387 perii
1168 3328 1233 3374 male
1241 3339 1290 3389 per·

193 3383 276 3434 ditus!
289 3397 407 3448 pessume
416 3391 520 3433 ornatus
533 3382 582 3432 eo!
598 3384 674 3434 West.
695 3383 845 3449 Accipimus
857 3400 872 3433 a
883 3385 956 3435 Bam.
966 3387 1143 3438 ornatissnrne:
1162 3391 1289 3439 retinemus

192 3455 291 3510 tamen,
308 3446 377 3524 quod
394 3448 478 3499 ceteri
495 3462 584 3498 omnes
602 3448 710 3510 babent,
722 3449 849 3512 Hernicum
861 3450 935 3498 borno.
968 3449 1037 3499 Enn.
1049 3464 1083 3500 11.
1094 3457 1119 3502 2.
1133 3459 1157 3504 1.
1174 3453 1288 3504 ‘Homini

191 3513 267 3564 borno
279 3513 339 3578 and
354 3512 487 3576 praestati’
520 3512 598 3562 Adel.
610 3519 676 3564 11.2.
688 3519 728 3562 10.
746 3516 754 3542 ‘
768 3513 908 3562 Hominum
928 3514 1004 3563 homo
1023 3517 1210 3568 stultissnme!
1224 3520 1286 3568 Birt.

194 3581 218 3629 0
229 3580 299 3628 delet
310 3574 392 3626 Zeno.
402 3578 481 3628 vivont
492 3579 631 3628 Bem-ll
649 3573 714 3626 Nom
730 3583 756 3627 tn
766 3578 818 3627 sine
833 3577 910 3626 Both.
922 3579 1082 3629 tacita—15
1104 3583 1196 3633 Vellent
1206 3584 1253 3635 Gn.
1266 3587 1286 3630 t.

193 3646 259 3700 Quiri
268 3645 329 3693 istuc
338 3642 389 3692 Gu.
399 3647 490 3692 3.-16
499 3638 591 3692 busco
607 3644 652 3692 Br.
669 3642 800 3693 GM.-1s
817 3643 850 3691 0.
864 3639 918 3691 fere
933 3643 951 3690 l.
963 3643 1034 3692 inter
1045 3661 1114 3710 quos
1126 3649 1203 3698 Bem.
1216 3664 1245 3696 nr
1261 3662 1286 3696 oa

190 3707 288 3758 habent
298 3707 346 3768 hic,
354 3715 381 3756 et
393 3715 452 3770 post
463 3710 513 3766 sed,
524 3708 621 3757 habent
633 3712 668 3769 ta,
681 3721 788 3756 nurnero
799 3707 905 3756 meliore
916 3707 1053 3759 trochaici.
1072 3712 1122 3763 Fu.
1158 3664 1286 3762 Nostriffiic

189 3774 313 3823 mendose
325 3772 363 3822 ln'r
374 3772 428 3822 siue
439 3776 474 3821 tn.
491 3773 569 3820 Beut.
587 3772 637 3820 Hic
648 3772 772 3822 omittunt
789 3771 871 3820 Zeno.
889 3771 966 3821 Both
981 3772 1056 3821 Perl.
1086 3777 1110 3824 0
1122 3783 1151 3827 ta
1164 3777 1286 3842 qaoqanir

191 3837 239 3889 Br.
259 3841 267 3867 ‘
280 3838 328 3888 Sed
338 3844 364 3885 tu
374 3837 431 3901 qaid
440 3851 517 3886 cerras
528 3835 621 3886 Boend.
637 3852 695 3900 qtrae
707 3835 864 3899 Antiphonis
880 3836 966 3898 potius
979 3838 1063 3887 rerba
1076 3840 1213 3904 ridentur,
1222 3856 1283 3908 ann

192 3901 374 3952 Phormiouis.'
394 3902 469 3951 Weat.
485 3899 574 3950 Guelf.
591 3906 615 3951 2.
635 3901 857 3964 quadranos-19
877 3899 911 3949 Ut
931 3900 1006 3950 abest
1024 3917 1040 3950 a
1062 3904 1159 3959 Guelf.
1176 3907 1282 3956 1.s.-19

179 3964 301 4028 'Repoue
313 3965 492 4016 emendatione
505 3966 659 4026 certissima,
671 3965 744 4015 Recta
754 3969 786 4014 od
799 3965 920 4014 Chremem
931 3965 1019 4015 Sarnus
1028 3968 1147 4028 profecti.
1173 3972 1212 4022 Aa
1222 3970 1283 4018 Cirr·

192 4042 260 4087 mem,
279 4030 326 4079 lroc
345 4031 436 4092 est,od
454 4031 547 4080 domans
565 4030 695 4079 Chremetis
701 4046 711 4089 ,·
728 4029 771 4079 nbi
790 4043 854 4078 uxor
872 4028 929 4093 ejus
948 4030 1121 4084 Nausistrata
1142 4035 1284 4085 convenior·

193 4092 227 4141 da
241 4096 305 4142 erat.
337 4095 380 4143 Sic
393 4094 460 4144 And.
474 4109 507 4144 11.
518 4099 542 4143 2.
553 4098 594 4144 24.
615 4101 623 4122 ‘
639 4096 694 4158 Ego
718 4094 889 4144 rnecontinuo
905 4093 938 4142 ad
954 4094 1113 4146 Chremem)
1133 4101 1205 4150 Best.
1230 4101 1284 4151 Pes·

192 4159 255 4208 aime
274 4157 352 4208 Baht.
368 4160 489 4210 mutavit.
506 4159 565 4224 Rip.
577 4166 606 4209 at
624 4158 702 4210 Both.
721 4159 761 4209 lbi
774 4171 809 4225 me
820 4157 884 4208 intro
903 4157 994 4221 mittit:
1012 4161 1096 4226 qnia‘
1109 4162 1171 4217 lieri
1189 4180 1236 4217 aaa
1247 4178 1284 4229 po·
