2678 4694
116 282 182 356 880
489 295 519 343 n.
543 293 724 341 nsnuuru
740 292 836 341 arur

118 443 215 508 Pan.
239 439 352 516 Pater,
368 439 397 501 si
414 457 459 503 ex
474 457 527 503 me
543 438 743 523 illa-liberos
759 436 858 501 veliet
872 436 950 513 sibi,

116 543 188 609 Aut
203 563 240 606 se
255 561 329 604 esso
343 560 473 605 mecum
488 547 636 622 nuptam,
652 539 736 603 satis
751 545 843 603 certo
859 538 945 614 saio,

116 645 197 711 Non
211 662 265 707 me
281 640 370 707 ciam
385 640 535 721 haberet,
548 641 641 725 quod
655 642 786 705 celasse
801 640 964 721 intelligo.
979 676 982 683 ·

116 745 228 824 Nunc,
245 764 322 809 cum
338 745 410 828 ejus
424 744 569 809 alienum
583 761 658 806 osse
673 762 694 806 a
709 763 761 805 me
776 742 921 806 animum
936 741 1096 816 sentiam,

116 847 192 913 Nec
208 852 447 912 conventurum
460 846 545 910 iuter
558 865 620 911 nos
636 846 779 927 posthac
795 863 871 908 esso
887 843 1042 920 arbitror,
1135 860 1141 875 ·

118 950 344 1030 Quamobrem
360 947 543 1012 reducam?
588 948 654 1012 Lu.
678 947 792 1011 Mater
807 944 899 1029 quod
915 945 1026 1010 suasit
1042 963 1117 1024 sua,

116 1048 458 1116 Adolescensmnlier
472 1047 568 1113 fecit:
592 1048 821 1113 mirandumne
838 1046 872 1110 id
884 1048 960 1111 esti

116 1150 258 1218 Censen'
274 1158 307 1215 te
322 1169 426 1233 posse
442 1152 588 1234 reperire
603 1151 706 1215 ullam
718 1150 902 1227 mulierem,

117 1253 206 1333 Quae
220 1258 333 1318 cureat
348 1253 473 1336 culpat
497 1273 539 1317 an
552 1253 714 1336 quianon
728 1252 933 1334 delinquunt
947 1250 1039 1314 virit

119 1357 233 1421 Pnrn.
256 1354 404 1421 Vosmet
420 1354 531 1420 videte
541 1357 625 1439 Jam,
640 1354 783 1431 Laches,
799 1358 833 1417 et
847 1358 896 1429 tu,
911 1349 1104 1434 Pamphile,

117 1455 306 1523 Remissau’
321 1476 409 1540 opus
424 1458 469 1523 sit
483 1458 593 1536 vobis,
607 1477 652 1523 an
666 1456 964 1521 reduatadomum.
987 1506 991 1513 .
1071 1477 1074 1485 ·

116 1600 202 1650 liberos
212 1615 244 1649 eso
253 1616 298 1656 ms,
307 1605 349 1648 aut
357 1598 470 1647 connubio
481 1615 568 1648 mecam
578 1614 626 1649 esse
631 1598 750 1659 junctum,
759 1599 821 1647 satis
828 1596 900 1660 probe
910 1597 968 1651 scio,
980 1610 1028 1644 noa
1039 1610 1078 1645 rae
1088 1597 1157 1644 tatere
1165 1594 1204 1642 oet·

117 1666 158 1721 tet,
174 1668 235 1728 qaod
253 1665 311 1713 mibi
326 1666 451 1712 occultasse
467 1679 587 1726 cognosco.
620 1665 691 1713 Nune
707 1679 758 1712 eam
771 1664 821 1725 ejus
834 1661 939 1711 animrua
951 1661 1115 1720 immutatam,
1123 1664 1146 1708 ot
1155 1672 1204 1712 aru
1243 1682 1245 1719 t

115 1739 223 1780 auermm
232 1728 331 1790 rideam
342 1742 384 1775 neo
394 1742 437 1776 nos
445 1728 636 1789 eoremdessore,
645 1733 668 1778 et
677 1742 826 1776 consensuros
834 1731 924 1790 putem,
941 1739 1013 1788 quarn
1023 1722 1155 1777 ob'eaam
1164 1736 1205 1771 eon
1243 1756 1245 1799 ἰ

115 1795 243 1841 reducam?
276 1793 326 1841 LA.
345 1792 413 1846 Quod
423 1792 472 1852 ejus
482 1797 558 1842 mater
567 1792 689 1842 currilium
697 1789 964 1854 dedit,jaoerrisirrrtier
974 1788 1208 1841 tentamenta-¹
1243 1804 1245 1837 ι

117 1858 202 1904 amnne
218 1857 243 1904 ia
259 1861 311 1904 est?
326 1854 459 1904 aestimasne
476 1862 500 1905 te
514 1872 580 1918 posse
590 1857 696 1905 invenire
707 1857 778 1905 uttam
788 1856 907 1906 mutierem
917 1855 993 1918 culpe
1004 1858 1148 1919 ³exspertem?
1175 1853 1212 1915 ar·

117 1921 173 2032 qqia
188 1919 276 1968 seilicet
292 1934 338 1968 noa
352 1925 449 1982 pessunt
472 1918 540 1970 oiri?
572 1921 627 1970 ΡΗ.
646 1921 694 1970 Vos
715 1920 761 1984 tpsr'
777 1921 905 1969 deliberate
924 1933 998 1980 uuae,
1018 1919 1122 1978 Lesbos,
1141 1923 1207 1979 trau,

143 1984 252 2048 amphitr,
261 2000 292 2033 aa
303 1997 334 2034 ex
341 1998 385 2033 usa
394 1984 427 2032 sit
436 1982 509 2050 vobis,
519 1990 547 2034 ut
557 1986 655 2035 remissa
664 1985 698 2034 sit
708 1987 739 2034 od
749 2000 814 2048 suos,
821 1985 857 2033 oei
867 1986 899 2032 ad
909 1997 950 2034 uos
960 1984 1062 2051 retrado
1073 1983 1207 2032 Pbiirrm.

576 2110 756 2131 “euoenon

116 2194 302 2260 exoptatorum?
323 2194 470 2246 west-ss
486 2193 560 2245 Junt.
581 2191 641 2244 Ata.
659 2195 681 2242 si
696 2208 727 2244 ex
741 2195 784 2244 ilia
802 2208 839 2242 me
855 2191 1096 2251 liberos-ootteteibi.
1127 2190 1208 2245 EM
1242 2186 1245 2243 1

117 2258 160 2310 itta
178 2260 263 2310 liberos
279 2274 309 2307 ex
326 2275 362 2307 me
378 2259 447 2307 vetet
462 2259 515 2323 sibi,
531 2265 572 2308 aat
589 2273 638 2307 esse
655 2275 749 2308 meeum.
789 2257 843 2307 Aru
863 2259 948 2306 aliter.
971 2257 1122 2308 Westerbor·
1158 2257 1207 2306 nte-

118 2326 219 2387 gsntior
235 2323 338 2371 videtur
355 2323 501 2384 collocatio,
527 2338 584 2385 quae
609 2331 649 2372 est
672 2325 697 2372 in
722 2324 787 2377 libro
809 2322 949 2382 Bembino,
975 2323 1064 2379 Pater,
1087 2323 1110 2370 si
1131 2336 1159 2371 ex
1178 2336 1207 2370 se
1237 2326 1242 2336 '

116 2391 168 2437 itta.
194 2387 319 2436 Faernus.
367 2387 450 2450 Atqui
475 2388 555 2434 nostri
580 2388 691 2436 universi
722 2388 764 2436 iilo
788 2402 819 2435 ex
843 2402 887 2436 me.
936 2387 1034 2436 Placet
1058 2386 1207 2435 Bembinus:

118 2461 149 2500 ut
165 2452 367 2513 pronuntiemus,
382 2466 413 2499 ex
428 2465 465 2502 me
480 2451 541 2508 trau
564 2457 592 2500 et
608 2466 677 2514 mox,
691 2459 733 2501 out
744 2466 837 2502 seesse.
857 2450 1006 2500 Bentleins.
1048 2451 1210 2518 Siittuexrra¹

117 2517 196 2566 Both.
205 2516 316 2565 Bn-bt
333 2516 384 2564 Aut
395 2529 482 2563 mecam
493 2530 517 2564 se
527 2528 577 2564 esse
592 2516 669 2566 Botb.
686 2522 728 2565 out
736 2532 761 2565 se
772 2517 820 2564 esse
839 2522 937 2579 ruptam
953 2505 1001 2563 nr.
1019 2529 1083 2565 mox
1093 2520 1132 2565 set
1142 2513 1208 2565 Botb.

117 2585 182 2630 certe
192 2594 280 2629 omnes
291 2580 356 2628 Mss.
367 2579 436 2643 apnd
448 2579 596 2628 Erech-35
614 2581 648 2630 G.
665 2581 692 2629 e't
707 2582 744 2630 M.
756 2594 814 2629 eum
826 2594 877 2628 uno
890 2579 1114 2641 Leidensium„et
1127 2576 1208 2629 Banu.

119 2654 147 2696 et
159 2645 218 2694 edd.
229 2646 324 2693 Vener.
337 2642 447 2706 Argeut.
457 2643 516 2693 Ald.
526 2643 646 2694 Poimen.
657 2644 731 2696 Junt.
744 2638 827 2692 Aaou.
838 2656 898 2706 quae.
931 2639 983 2692 Sed
994 2640 1067 2694 irun's
1076 2644 1139 2695 bisi.
1148 2643 1209 2693 leit.

118 2725 178 2760 curn
187 2709 252 2758 edit.
268 2708 327 2757 anni
339 2712 412 2758 1469.
432 2716 460 2757 et
474 2707 627 2772 quibusdam
639 2709 707 2770 aliis,
723 2711 797 2772 quem.
817 2707 920 2771 quando
932 2707 974 2757 vel
987 2707 1144 2770 partus‚''vel
1154 2721 1209 2773 puer,

118 2774 279 2837 intelligitur.
298 2773 375 2822 West.
408 2773 469 2822 Vat.
488 2780 516 2821 'et
534 2787 598 2823 unrrs
616 2783 715 2823 tantum
727 2773 794 2821 liber
804 2773 920 2835 scriptus
935 2773 1040 2836 Donati
1051 2775 1140 2838 habet,
1153 2787 1207 2837 qm

119 2841 193 2888 Bem.
204 2840 282 2903 quoin
298 2851 387 2885 omnes
399 2837 452 2900 alii,
463 2844 491 2886 et
503 2838 608 2896 Donati,
619 2844 646 2886 et
653 2836 768 2887 Terentii
781 2836 848 2896 libii,
856 2839 938 2899 quem:
964 2837 1038 2920 quod
1051 2837 1120 2888 forte
1132 2832 1209 2902 proso

118 2903 195 2963 deret
205 2903 430 2964 subintelligendo,
441 2906 557 2965 partam:
576 2903 656 2965 magis
668 2910 755 2954 tamea
766 2901 851 2965 plaoet
860 2903 929 2964 quod.
944 2899 999 2966 {ba-
1036 2904 1109 2967 Lege
1121 2918 1152 2953 ex
1162 2916 1207 2953 nas·

118 2968 167 3017 tris
178 2965 234 3016 fere
244 2966 379 3015 omnibns:
401 2968 457 3015 Nori
467 2969 528 3015 ctam
537 2970 573 3015 aas
583 2967 678 3017 baberet
683 2983 693 3026 ,·
717 2973 746 3015 ut
765 2967 859 3028 passim
876 2965 947 3028 apud
960 2964 1100 3029 Nostrum,
1111 2968 1174 3021 Clas
1187 2967 1210 3023 iu

119 3031 189 3082 Arsi.
206 3046 258 3095 qaas
269 3033 357 3094 plnres
369 3033 468 3091 nostru
495 3031 578 3079 ceteri
593 3035 668 3095 'quera
701 3029 756 3080 Ant
766 3031 824 3093 iege
835 3032 958 3094 quaem
970 3046 1034 3094 (μω.
1052 3033 1131 3095 Bent.
1149 3032 1208 3092 ,eiu

118 3105 234 3160 tae...qaoe
245 3096 290 3144 Br.
321 3095 381 3144 otum
392 3097 516 3160 me...qaoa
527 3094 603 3145 Both.
614 3096 750 3145 Peru-so
768 3096 858 3145 Nostri
870 3093 925 3143 fore
937 3110 1040 3156 omnes,
1050 3097 1151 3146 aliem
1159 3109 1207 3145 ane

118 3162 289 3209 esseaaimum.
322 3158 417 3208 Recte.
448 3161 533 3222 Ante,
542 3159 638 3210 virtute
647 3159 761 3209 enclitici
772 3159 824 3220 Me,
835 3165 875 3207 est
887 3159 913 3207 i'u
924 3160 993 3220 ictu,
1013 3162 1042 3215 at
1056 3163 1140 3223 totum
1150 3159 1208 3213 Ant

118 3223 146 3270 in
157 3224 233 3270 Thesi
243 3223 368 3271 occultari
380 3237 430 3270 non
442 3238 474 3271 ex
486 3230 542 3272 arte
559 3232 608 3273 est.
633 3224 707 3274 Beat.
747 3225 1073 3275 AtteaamameesseMss.
1092 3227 1151 3289 duo,
1167 3233 1206 3274 ter

120 3286 172 3334 tius
193 3286 290 3334 omittit
309 3301 365 3334 esse.
381 3287 463 3337 Boeei.
498 3288 664 3347 Atienirraejas
678 3303 693 3336 a
707 3303 744 3337 me
755 3304 803 3338 esre
819 3288 962 3338 Boiu-st
981 3286 1039 3338 Neo
1054 3292 1206 3341 convorsus

118 3349 183 3399 inter
190 3363 232 3398 nos
237 3350 335 3412 postbao
344 3350 458 3413 arbitror]
475 3350 518 3399 Sic
527 3349 650 3401 Faernus.
675 3351 726 3400 Sed
738 3352 986 3416 arbitrer,qnicqnid
997 3353 1092 3407 dicent
1103 3352 1207 3412 murari.

119 3429 179 3471 aum
188 3413 293 3463 Mureto
304 3412 450 3477 tegendum.
484 3417 605 3464 ceterum
617 3431 705 3466 ornnes
716 3431 762 3478 pro
772 3419 824 3467 Nec
832 3418 929 3466 babent
938 3417 1026 3479 Neque
1033 3436 1044 3475 ;
1062 3426 1091 3469 et
1102 3420 1208 3484 plerique

120 3493 208 3530 omnes
215 3479 312 3543 posthae
320 3492 370 3527 esse
377 3479 489 3542 arbitror,
496 3494 561 3529 uuus
571 3485 625 3544 post
632 3495 680 3530 esse
687 3482 805 3530 arbitror:
823 3483 900 3540 atter,
907 3482 1008 3544 posthac
1018 3482 1134 3534 arbitror.
1142 3484 1207 3533 Rert

120 3545 235 3595 Arbitror
254 3544 319 3594 Mss.
343 3558 441 3595 omnes.
465 3546 540 3596 Boect.
571 3547 668 3608 posthae
686 3546 789 3595 arbitrer
806 3546 867 3608 Bip.
885 3546 964 3595 Both.
997 3545 1101 3611 boam
1118 3548 1205 3598 ortuo

120 3611 191 3660 Peri·
215 3624 266 3675 qno
281 3604 381 3673 Indice,
393 3609 559 3659 indicativum
578 3625 625 3673 pro
642 3612 809 3673 subjunctivo
822 3612 916 3659 Nostro
932 3604 960 3660 e't
978 3611 1080 3664 Pianto
1097 3613 1205 3663 familiare

119 3677 235 3725 est-40
252 3675 365 3723 censesne
376 3689 463 3723 omnes
473 3676 536 3724 Mss.
546 3675 614 3738 apud
627 3675 709 3725 Boecl.
717 3684 745 3724 et
753 3676 786 3723 V.
795 3677 825 3726 C.
834 3676 902 3738 apud
913 3675 1056 3731 Isium—tl
1074 3678 1205 3740 Deum

121 3741 166 3788 Br.
180 3753 227 3802 pro
239 3754 292 3788 var.
302 3740 429 3788 ieet-43
447 3738 545 3788 omnes
565 3741 630 3787 Mss.
653 3739 760 3801 vitiose;
776 3755 849 3801 unns,
860 3740 982 3804 rmar'sranq
997 3742 1032 3790 sit
1052 3738 1119 3791 vobis
1135 3757 1164 3790 es
1177 3755 1204 3788 rr·

119 3807 197 3858 dueta.
215 3805 288 3853 Bern.
298 3805 434 3853 redductum
449 3803 529 3852 babet
541 3817 588 3866 per
606 3803 693 3863 duod,
708 3806 763 3853 ‘ita
773 3806 851 3853 etiarn
863 3819 953 3853 versus
964 3807 1070 3855 ratione
1082 3809 1205 3869 exigente:

121 3877 149 3918 et
158 3876 286 3929 praeterea
297 3868 339 3916 bio
349 3869 416 3917 liber
427 3875 454 3916 et
466 3868 526 3916 Bas.
537 3876 564 3917 et
581 3868 631 3918 dno
647 3869 690 3917 alii
702 3869 884 3933 antiquissimi,
893 3870 954 3918 item
968 3870 1013 3919 alii
1026 3872 1102 3920 multi
1113 3885 1167 3920 eoru
1175 3870 1205 3933 io

121 3945 174 3979 sum
185 3932 335 3989 dictionem,
345 3933 409 3982 item
419 3933 550 3992 remissum,
561 3947 607 3996 per
623 3949 639 3982 a
658 3934 684 3982 in
701 3935 752 3982 tine
771 3933 877 3983 babent.
896 3935 971 3983 itaet
985 3935 1120 4001 Donatus,
1128 3936 1163 3985 ric
1177 3934 1205 3982 in·

120 3996 226 4058 quiens=
253 3998 361 4046 Remissa
371 4011 427 4059 opus
443 3997 475 4045 sit
485 3998 561 4060 robis]
577 3999 585 4026 ‘
598 3999 624 4047 iu
636 3997 703 4047 veris
715 3997 847 4046 codicibus
860 3998 896 4047 sie
907 4005 956 4059 est,
967 4000 1115 4062 remissam,
1127 3996 1204 4050 retina·

122 4065 186 4117 tam,
194 4066 223 4106 ut
234 4061 267 4134 rit
279 4063 427 4118 remissane,
437 4061 579 4111 reduotaue
590 4063 606 4122 ;'
624 4078 679 4140 quar
691 4062 818 4123 expositio
830 4063 927 4139 Donati
939 4062 1023 4140 ,fimi
1038 4073 1069 4114 nt
1082 4080 1129 4129 pro
1138 4063 1205 4138 reati*

120 4129 1206 4258 titianaassumuntur“tutiststtttttstr1
