2678 4694
321 316 558 373 ruonrrrours
583 312 667 365 aer.
684 319 716 366 v.
742 315 794 366 sc.
814 317 896 364 v111.
1023 346 1026 350 .
1072 297 1157 362 1041

61 472 131 540 lin.
153 470 237 554 Ego,
251 466 480 545 Nausistrata,
502 481 578 528 esse
591 463 627 527 in
641 463 706 526 hac
718 481 752 525 re
770 463 904 544 culpam
919 460 1071 528 meritam
1084 486 1152 530 non
1182 478 1186 484 ·

60 674 129 740 Sed
142 590 321 758 suffitum
336 671 382 737 sit
394 666 606 752 ignoscenda.
651 664 771 728 Pana.
794 663 910 729 Verba
920 665 1005 730 finnt
1015 568 1160 732 mortu?

61 775 134 840 Du.
155 774 248 839 Nam
260 792 369 857 noque
381 768 581 854 negligentia
594 775 788 850 maneque
804 765 883 830 odio
897 768 933 830 id
948 767 1027 833 feeit
1042 776 1112 835 tuo.
1135 795 1140 805 ·

61 875 274 952 Vinolentus,
290 874 357 938 iere
372 873 492 938 abhinc
504 889 609 936 annos
625 868 826 953 quindecim,
839 870 1070 934 mulierculam

55 975 147 1042 diam
161 976 368 1060 compressit,
381 973 471 1041 unde
483 973 556 1038 haec
569 978 648 1037 nata
661 970 724 1036 'stt
738 990 845 1055 neque
860 971 999 1056 postilla
1012 991 1159 1058 unquam

61 1082 385 1260 Eamoratgrlrfflrtriiiin
407 1197 427 1241 e
449 1175 564 1241 medio
586 1174 678 1254 abiit,
694 1176 753 1258 qui
776 1175 839 1242 fuit
863 1177 897 1240 in
923 1195 958 1240 re
981 1175 1044 1240 hac
1069 1196 1160 1242 scra·

62 1279 303 1469 Quanam
309 1387 343 1444 te
356 1399 429 1459 oro,
438 1387 478 1444 ut
491 1380 561 1445 alia
575 1381 666 1444 facta
681 1385 741 1442 tua
756 1382 953 1462 euntesque
970 1377 1081 1443 auimo
1096 1278 1162 1443 1]Ξὲ

192 1481 293 1548 feras.

54 1655 181 1717 mmmm
197 1640 346 1710 normarum?
373 1659 425 1710 Du.
440 1659 495 1720 Ego
507 1656 663 1707 Nausistrata
672 1669 719 1704 naa
729 1655 824 1719 inficior
832 1657 923 1718 culpam
931 1656 958 1704 in
969 1657 1012 1704 liae
1026 1671 1052 1704 re
1062 1671 1078 1704 a
1090 1656 1163 1704 Chre·

59 1727 122 1771 mete
131 1722 215 1772 merita
226 1723 275 1782 ejus
284 1723 411 1773 admoram
420 1737 478 1784 esse,
487 1723 528 1769 sed
538 1722 618 1782 talem,
626 1735 677 1783 qua
684 1720 719 1768 sit
728 1722 877 1768 condonanda
885 1735 916 1768 ex
926 1721 1029 1768 omnium
1038 1721 1165 1770 sententia.

59 1785 116 1835 Pu.
132 1786 195 1834 Hoee
204 1787 275 1835 verba
285 1789 311 1836 in
320 1787 426 1848 gratim
437 1786 578 1847 Chremetis,
588 1786 620 1833 ad
627 1785 766 1847 placandam
775 1784 954 1833 Nausistratam
958 1785 1050 1845 faeere,
1059 1789 1094 1832 est
1102 1799 1164 1831 mor·

59 1855 103 1899 tuo
112 1850 183 1898 amba
188 1849 280 1909 faeere.
313 1852 369 1900 Du.
385 1851 451 1899 Nam
461 1863 534 1912 neque
542 1849 569 1898 id
573 1848 646 1909 feeit,
657 1849 718 1910 qnod
728 1852 752 1896 te
762 1849 902 1909 negligeret,
912 1854 936 1897 et
947 1850 998 1898 odio
1009 1849 1113 1906 habaet,
1123 1849 1165 1896 sed

58 1913 115 1962 aias
125 1917 209 1974 capsur
217 1912 274 1972 fere
291 1920 347 1963 sunt
365 1914 422 1963 mini
432 1913 575 1977 quindecim,
582 1927 635 1962 eum
645 1911 805 1961 mulierculam
812 1914 1022 1973 grandensem,
1043 1914 1104 1961 unde
1115 1912 1165 1960 ha’e

56 1975 283 2089 manta
290 1977 848 2105 ”uuum
855 1977 1165 2100 ...Q

57 2108 99 2153 ter
108 2106 134 2151 te
144 2101 246 2167 abuma,
254 2057 356 2166 quinqua
366 2110 401 2153 ert
408 2105 480 2152 mtita
488 2077 626 2162 'trenignitas
636 2106 660 2147 et
665 2099 785 2164 foetidas,
794 2106 820 2149 ut
886 2101 958 2150 etiam
963 2072 1164 2164 paiienterseras.

525 2243 705 2264 uenenum

57 2351 156 2418 pimus,
166 2353 296 2417 preteriti
312 2355 439 2419 temporis
449 2355 520 2405 erit:
539 2367 600 2404 sane
611 2354 639 2402 lu
649 2354 722 2403 Bam.
739 2353 776 2403 ita
792 2354 953 2403 collocantur
964 2352 1053 2418 verba,
1065 2355 1101 2403 Eu
1112 2370 1165 2418 qua

55 2417 357 2479 nastrasmimritsruetus
373 2420 463 2469 sititae.
478 2421 525 2469 Fa.
559 2421 599 2467 Ea
610 2417 701 2467 Nostri
715 2416 770 2468 fere
781 2432 880 2482 omnes,
891 2425 919 2467 et
929 2418 1056 2468 minuebat.
1090 2419 1164 2469 Unus

57 2486 162 2530 tuntum
173 2481 272 2541 finctus
287 2483 389 2533 minuit.-
406 2484 472 2533 alius
488 2481 608 2532 minuebat
622 2481 730 2542 fruetus.
763 2484 873 2545 Repone
891 2497 949 2532 cnm
964 2484 1041 2535 Bem.
1064 2483 1102 2532 Ea
1113 2499 1164 2546 qum

55 2549 152 2594 naeres
168 2545 254 2594 minuit
267 2545 366 2605 fruetus
382 2548 473 2598 uilitas.
504 2548 544 2596 Eu
561 2546 665 2595 suavior
683 2546 821 2596 collocatio
838 2552 889 2608 est,
900 2552 928 2594 et
943 2547 1024 2608 magis
1042 2547 1075 2594 de
1092 2563 1165 2597 more

55 2608 224 2660 Terentiano.
241 2610 317 2660 Bent.
334 2612 429 2660 Minuit
446 2612 499 2660 Ms.
518 2611 552 2660 R.
570 2610 639 2674 apud
654 2609 730 2659 Lind.
749 2610 817 2659 Bod.
835 2611 881 2660 Br.
915 2610 977 2658 Hoec
996 2614 1047 2658 erat
1064 2624 1101 2672 eu,
1112 2628 1166 2673 quiea

55 2672 389 2734 mmlatnnstmsfraetus
399 2677 480 2725 uilitas
499 2674 576 2724 Both.
594 2688 644 2738 qno
659 2674 752 2738 judice
768 2675 852 2723 Lemni
871 2681 911 2723 est
927 2675 1061 2735 glossema.
1099 2677 1166 2724 Mox

55 2734 124 2786 ‘Aa
143 2736 239 2786 utiliter
257 2739 332 2789 urire.
364 2739 424 2788 Nisi
444 2736 653 2788 forteironiee!
670 2739 802 2788 Peri-2⁵
827 2739 946 2787 Meritum
966 2738 1063 2786 habent
1084 2739 1166 2803 aliqui

25 2808 34 2827 ¹
54 2798 129 2857 libri,
139 2799 209 2850 inter
220 2815 284 2865 quos
296 2803 370 2851 Bem·
388 2803 434 2852 Fa.
467 2802 561 2852 Nostri
573 2815 661 2851 omnes
672 2803 781 2851 meritam
788 2817 798 2859 ,·
816 2810 844 2851 et
855 2802 927 2850 sicin
937 2808 1013 2851 textu
1024 2801 1167 2865 reliquerat

57 2864 107 2914 Fa.
140 2863 196 2914 Nos
207 2867 429 2929 meritum,ntpar
445 2872 496 2929 est,
514 2867 672 2929 reponimus.
704 2867 815 2915 Plautus
828 2864 888 2915 Aul.
900 2880 936 2915 av.
952 2870 991 2915 10.
1003 2871 1027 2915 8.
1050 2866 1166 2915 ‘Fateor

56 2928 211 3041 geemruse
221 2943 272 2992 me,
281 2935 311 2978 et
320 2943 362 2978 me
372 2931 477 2993 eulpam
488 2931 668 2980 commeritum
685 2928 758 2979 seio?
775 2931 848 2979 Bent.
865 2945 940 2994 quem
951 2935 1095 2994 sequuntur
1105 2931 1166 2994 Bip.

85 2991 142 3041 oth.
157 2990 288 3042 ‘Meritum
304 2994 371 3043 Mss.
401 2995 563 3057 latorumque
581 3000 609 3043 et
625 2995 651 3042 in
668 2993 745 3042 editis
766 2994 1039 3057 praestantissimorum
1056 3000 1096 3043 est
1112 2996 1165 3044 lee-

56 3056 105 3105 tio.
138 3052 203 3117 Alit,
213 3056 241 3106 in
253 3056 346 3121 quibus
393 3071 426 3107 ss.
441 3056 534 3106 Leidd.
545 3057 606 3117 duo,
617 3058 743 3120 Meritum,
754 3064 784 3107 ut
803 3058 835 3106 ad
848 3058 1012 3107 Chremetem
1024 3057 1163 3108 referatur.

57 3120 97 3169 Et
107 3123 198 3169 tuetur
214 3121 335 3184 Guyetns
353 3121 380 3169 iu
392 3118 523 3168 ἂνεκδάτοις
539 3135 573 3169 ex
584 3120 658 3170 Bem.
692 3120 737 3170 Sia
749 3120 839 3170 Plaut.
859 3122 945 3171 Mete.
955 3136 992 3172 iv.
1004 3126 1028 3171 6.
1040 3125 1081 3170 12.
1104 3123 1112 3150 ‘
1125 3124 1165 3173 Ut

56 3182 112 3233 ilias
129 3182 279 3246 exiguntur,
288 3199 347 3248 quae
363 3183 390 3233 in
403 3199 432 3234 se
449 3186 552 3248 eulpam
571 3183 749 3235 commerent?
757 3185 764 3209 ’
783 3186 921 3236 idest-26
937 3187 1011 3235 Bem.
1030 3191 1057 3233 et
1076 3201 1165 3237 omnes

57 3245 117 3297 fers
128 3246 173 3295 alil
184 3245 233 3294 Sed
248 3261 293 3294 ea:
310 3247 379 3310 quod
391 3263 453 3298 vero
470 3249 595 3313 sequitur,
607 3248 729 3299 Bem.ita
744 3247 835 3313 habet,
842 3250 900 3312 quin
915 3250 948 3300 sit
963 3252 1121 3312 igmsemda:
1136 3259 1166 3302 et

56 3309 267 3369 subaudiendum
276 3314 327 3370 est,
335 3324 432 3375 negare
441 3327 494 3361 non
504 3313 604 3377 poteris
614 3330 621 3362 r
640 3313 691 3375 vel,
701 3327 778 3363 nemo
787 3315 930 3377 negaverit.
942 3321 1019 3380 atque
1030 3317 1097 3365 hane
1107 3332 1165 3366 esse

94 3388 209 3424 ernanum
220 3373 338 3423 'l'erentii
347 3373 497 3435 lectionem,
506 3378 584 3427 etiam
596 3378 715 3427 Donatus
724 3378 847 3436 ostendit,
854 3394 988 3443 exponens
998 3395 1057 3429 eum
1069 3381 1165 3444 locum,

59 3481 62 3485 .
85 3439 213 3504 mbajiunt
227 3442 336 3488 mortuo:
353 3438 399 3488 ubi
416 3440 481 3490 dicit
496 3454 548 3489 non
565 3455 622 3490 esse
640 3455 742 3505 passum
761 3445 911 3506 parasitum,
922 3451 952 3493 ut
968 3451 1164 3493 totamseuten·

57 3502 124 3554 tium
142 3516 222 3552 senex
241 3502 395 3565 explicaret.
413 3504 459 3554 Fa.
492 3505 585 3555 Nostri
596 3505 717 3553 mendose
734 3520 793 3566 quoe.
810 3506 888 3556 Bent.
906 3509 949 3570 qui
966 3506 1048 3554 edidit
1058 3521 1086 3554 ea
1096 3508 1181 3569 qnia,

58 3567 190 3631 probante
200 3565 261 3630 Bip.
273 3567 350 3616 Both.
361 3567 436 3618 Perl.
452 3583 503 3618 eam
514 3570 572 3632 qaia
583 3570 665 3619 Zeun.
682 3583 710 3617 ea
720 3583 772 3631 qua
783 3569 905 3619 EP.-2t
924 3570 1082 3631 Negligentr'u
1092 3586 1164 3633 nequa

59 3631 148 3687 adisis
162 3631 188 3680 id
199 3631 278 3680 Beth.
306 3632 381 3683 Bem.
389 3638 417 3681 et
426 3633 499 3683 vict.
516 3640 544 3683 et
560 3635 690 3695 Donatus,
701 3647 775 3695 neque
785 3633 837 3682 adio
848 3633 941 3693 idseeit
951 3639 999 3682 tue.
1017 3648 1124 3682 numero
1135 3641 1165 3684 et

57 3694 439 3811 22²¹lt⁵t⁰¹¹tttt⁰al“·
454 3697 558 3811 23⁰3
575 3697 778 3824 Ntthtt
792 3698 939 3811 imis?
956 3698 1165 3810 pronsas...

98 3773 241 3810 .u.—
315 3775 328 3808 r
414 3777 438 3811 m
504 3776 578 3811 .r.
655 3794 661 3810 .
819 3775 958 3811 ue..-
1036 3777 1166 3812 ..aas

50 3824 118 3885 seit,
128 3829 156 3872 et
167 3823 360 3886 pronuntiative
370 3825 521 3890 legendum,
531 3832 561 3875 ut
573 3825 608 3876 sit
624 3840 722 3887 sensas,
737 3841 768 3875 ea
778 3826 880 3875 sublata
890 3833 940 3889 est,
951 3827 1026 3889 eujus
1038 3826 1092 3874 vita
1102 3780 1164 3877 ligio

60 3886 102 3937 rei
114 3900 174 3936 seru
194 3889 264 3937 ulum
277 3886 399 3941 afferret:
415 3890 477 3953 jure
493 3889 560 3938 enim
580 3904 671 3953 posses
682 3889 739 3938 viro
755 3890 868 3954 irasci,a
897 3905 931 3939 uo
948 3889 1105 3952 superducta
1115 3890 1165 3940 tibi

59 3964 129 4002 uxor
148 3965 163 4000 a
183 3951 233 4001 hue
252 3951 363 4002 vireret.
380 3954 428 4003 Fa.
445 3955 490 4004 Fit
508 3954 632 4019 Rip-ar
650 3955 725 4003 Bem.
748 3955 811 4005 Bas.
827 3960 855 4003 et
893 3954 1019 4013 armana
1039 3958 1081 4003 tna
1099 3961 1164 4007 suat.

60 4029 120 4081 quse
130 4015 270 4064 collocatio
281 4018 360 4067 etiam
370 4018 530 4069 trochaicum
542 4025 627 4081 sanat,
638 4018 715 4067 aliter
723 4018 896 4068 laborantem.
913 4020 958 4067 Fa.
984 4018 1075 4067 Nostri
1088 4020 1164 4068 Facta

62 4086 106 4130 rm
114 4085 183 4130 mat:
201 4079 326 4144 lassasti
340 4088 409 4133 sust:
425 4083 569 4134 Fmtamnt
584 4087 641 4132 tua.-
657 4083 792 4133 Petrensir
805 4083 857 4132 ilia
871 4085 1011 4144 sumfneta.
1045 4084 1162 4146 Repono,
1213 4101 1216 4108 ·

14 4204 16 4208 Α
62 4143 348 4209 utaliatuasuntsaeta,
357 4162 423 4212 equa
431 4147 508 4199 anian
517 4154 541 4200 et
552 4148 678 4207 larsem.
712 4147 763 4200 Tua
771 4148 948 4209 nanifestam
959 4162 1037 4213 supra
1047 4162 1071 4195 v.
1084 4151 1108 4197 8.
1121 4152 1162 4197 39.

126 4221 312 4287 venantur.
322 4225 388 4278 cias.
560 4229 656 4279 Terent.
1021 4227 1062 4277 :ts
1080 4231 1095 4273 t
1136 4254 1138 4258 -
