2678 4694
340 296 512 346 nunucrrr
538 297 620 343 nor.
644 299 679 346 r.
702 297 755 346 sc.
778 295 834 344 rx.
1091 281 1156 348 529

56 450 233 534 Inciperct
256 470 298 515 an
312 450 474 515 fortunam
490 450 687 526 collaudem,
704 471 779 533 quae
796 451 1008 531 gubernatrix
1020 451 1101 533 fuit;

59 552 150 631 Quae
166 560 218 618 tot
227 573 292 631 res,
302 558 425 630 tantas,
436 560 504 617 turn
516 560 706 636 opportune
716 553 751 614 in
760 570 864 615 uuum
873 552 1035 618 conclusit
1043 554 1155 620 diemt

57 655 116 720 An
131 655 197 719 mei
211 655 316 739 patris
331 654 561 731 festivitatem,
578 659 611 716 ot
622 653 845 718 facilitatemi
868 672 890 717 o
904 652 1061 736 Jupiter!

56 757 176 834 Serva,
193 757 347 834 obsecro,
367 755 441 820 haec
456 755 557 819 nohis
571 756 671 819 bona.
716 754 784 821 ΡΗ.
807 754 853 818 Di
867 767 1017 820 vostram
1031 756 1132 823 tidem
1148 759 1156 823 i

191 856 403 920 incredibilia
575 866 577 871 ·

57 960 226 1023 Parmeno
253 958 353 1022 modo
377 976 456 1041 quae
479 957 641 1022 narravit:
675 958 736 1022 sed
764 958 819 1022 ubi
844 963 896 1023 cst
921 958 1044 1023 statori
1090 960 1157 1025 Grr.

192 1060 326 1125 Praesto
342 1057 449 1124 adest.
1115 1061 1160 1126 20

57 1163 130 1228 ΡΗ.
153 1161 308 1225 Gaudeo.
352 1158 419 1223 cn.
441 1159 533 1223 Satis
549 1157 671 1225 credo:
692 1159 773 1225 nihil
788 1165 840 1225 ost
854 1161 983 1226 Thaide
1004 1163 1068 1228 hac
1090 1170 1162 1242 tua,

190 1263 305 1340 frater,
320 1262 453 1344 dignius
1086 1329 1092 1338 ,

59 1364 166 1444 Quod
183 1368 327 1428 ametur:
350 1364 397 1427 ita
410 1368 535 1430 uostrae
551 1371 606 1429 est
621 1364 710 1429 omui
726 1365 852 1429 fautrix
867 1364 1015 1429 familiae.

10 1460 19 1476 '
60 1469 132 1532 ΡΗ.
156 1465 244 1529 Mihi
269 1466 362 1530 illam
382 1463 526 1530 landast
569 1465 639 1529 ΤΗ.
662 1465 773 1529 Perii!
804 1471 932 1548 quanto
955 1467 1064 1531 minus
1086 1468 1161 1550 spei

193 1572 256 1646 est,
270 1571 362 1631 tanto
376 1566 484 1648 magis
500 1586 587 1631 amo.

59 1751 103 1800 dit
118 1767 152 1800 aa
168 1758 260 1816 partem
275 1751 351 1801 tardis
366 1753 469 1803 triduam
479 1752 586 1814 sortem
603 1769 655 1817 que
672 1755 780 1804 direxit?
795 1770 847 1819 que
856 1761 892 1804 tot
902 1760 1024 1819 tantasque
1033 1770 1072 1805 rer
1081 1765 1164 1818 oppor-

59 1821 116 1866 uae
127 1831 173 1864 uuo
188 1817 287 1866 absolut
298 1814 355 1866 die?
370 1833 401 1866 au
418 1819 464 1866 urei
478 1819 556 1882 putria
572 1819 741 1868 humitatem
757 1824 781 1868 et
798 1819 947 1871 comitatem?
964 1822 987 1868 0
1002 1820 1108 1882 Jupiter,
1117 1817 1162 1875 foc

58 1895 141 1943 precor
151 1886 181 1928 ut
187 1886 300 1944 perpetuu
310 1882 360 1930 ciat
369 1882 436 1930 nohis
446 1884 495 1931 hoec
507 1882 573 1932 horo.
607 1884 660 1933 ΡΗ.
679 1884 726 1933 Dii
737 1889 839 1933 vestram
847 1885 944 1950 fidem!
960 1900 1012 1947 quoe
1022 1885 1089 1933 modo
1101 1883 1162 1930 Par·

60 1959 129 1992 merto
138 1944 286 1994 incredibilia
296 1945 499 1993 commemoranter
516 1947 564 1994 Sed
574 1948 615 1996 ahi
631 1955 667 1996 est
676 1950 773 2007 frater?
806 1950 858 1998 ΕΗ.
875 1950 970 1998 Praesto
981 1954 1016 1998 est
1025 1965 1035 2006 ,·
1053 1948 1091 1996 hic
1100 1961 1163 2010 proe·

59 2023 113 2056 seur
123 2014 168 2057 est.
203 2008 257 2056 ΡΗ.
274 2009 361 2057 Later.
395 2009 447 2057 ΕΗ.
468 2010 527 2058 Vere
537 2011 613 2059 credo.
647 2012 722 2059 Natta
740 2016 775 2059 est
790 2013 874 2060 matter
891 2021 933 2060 tao
950 2013 992 2060 itte
1003 2013 1092 2062 Thaide
1108 2010 1163 2070 dig·

60 2073 124 2132 nior,
138 2088 191 2137 que
208 2074 394 2135 aucetar,srater
402 2088 412 2132 ,·
430 2073 466 2123 ito
476 2074 546 2132 fauet
562 2080 649 2123 nostre
666 2075 729 2124 omui
740 2076 854 2134 familie.
887 2076 943 2124 ΡΗ.
958 2076 1164 2125 Mittuerottiom

61 2139 153 2200 hum,
168 2137 210 2201 qui
226 2138 286 2191 hauc
301 2153 353 2187 amc
364 2142 388 2186 et
398 2138 481 2203 quau
491 2139 525 2189 sit
535 2139 599 2187 reio?
630 2139 682 2189 ΤΗ.
701 2140 792 2188 Occidi.
828 2140 923 2194 Quanto
933 2140 1011 2188 minue
1020 2140 1070 2202 spei
1080 2142 1164 2201 restat,

523 2273 702 2294 comnenae

63 2383 208 2433 Bemhiuo:
228 2382 272 2431 sed
284 2397 334 2431 nou
346 2382 459 2432 attendit
471 2382 503 2432 ad
514 2398 615 2432 versum
626 2383 751 2445 hiantem,
763 2383 802 2447 qui
813 2398 882 2433 amur
892 2384 937 2432 sim
945 2399 953 2430 .·
961 2383 1005 2431 ubi
1016 2381 1164 2447 synaloepha

63 2455 159 2510 cessat,
170 2449 249 2511 piane
262 2455 352 2496 contra
365 2456 455 2497 artem.
490 2448 524 2495 Et
543 2447 645 2511 quidem
665 2448 690 2495 iu
711 2455 815 2511 promtu
827 2457 867 2496 est
884 2449 926 2510 qui
943 2449 1164 2510 omucriemrepo·

63 2526 141 2563 uere:
160 2512 219 2571 sed,
236 2512 258 2559 si
276 2518 353 2560 autea
372 2521 444 2560 recte
460 2511 572 2572 ‘dedit‚’
591 2519 619 2561 et
639 2521 731 2575 postea
748 2513 936 2575 ‘gubernatrix
955 2511 1028 2571 suit3'
1046 2519 1100 2560 turn
1121 2512 1164 2561 hic

62 2590 172 2624 necesse
185 2583 307 2624 estausus
324 2591 383 2634 surr,
403 2583 432 2624 ut
451 2577 518 2624 aiter
529 2592 562 2624 ex
573 2577 718 2626 Mendianis
737 2578 824 2627 habet.
857 2579 964 2641 Repoue
976 2576 1111 2638 igitur,·au
1128 2592 1163 2626 me

64 2641 144 2704 quiid
161 2654 306 2689 aucureum.
328 2641 407 2688 Beut.
444 2635 477 2689 Iu
498 2655 548 2689 uno
569 2641 626 2689 cod.
646 2643 723 2690 Beut.
742 2655 902 2701 autumnum,
923 2641 1014 2701 probe.
1046 2640 1164 2689 Aritium

65 2702 193 2755 unctus.
210 2705 277 2755 Peri.
312 2704 438 2753 litamur.
475 2704 540 2752 Mihi
556 2702 626 2752 delet
644 2706 720 2753 Both.
754 2705 830 2753 Dedit
849 2706 971 2753 concilium
988 2705 1051 2752 daut
1068 2706 1114 2752 Br.
1132 2706 1162 2753 Z.

64 2764 226 2831 nantinip.
245 2768 339 2830 Delph.
373 2769 422 2823 Qui
444 2769 469 2815 id
486 2783 555 2816 arcear
573 2769 617 2816 sim
637 2769 696 2830 Bip.
718 2769 813 2828 Deiptr.
849 2770 897 2824 Qut
913 2769 971 2817 ida.
991 2768 1164 2817 sumBoth.-

65 2837 96 2882 ld
115 2830 267 2881 Gubernator
285 2832 376 2881 maliet
391 2832 461 2895 Guy.
495 2833 634 2893 Vulgarum
654 2838 743 2881 tuetur
761 2832 845 2880 Wcst.
887 2832 1094 2893 Cougaheruatria
1112 2833 1163 2881 Ms.

65 2896 202 2963 lipsi-1⁷
220 2897 282 2944 Par.
293 2913 317 2958 p.
329 2911 385 2944 var.
404 2898 465 2945 huuc
483 2911 531 2959 pro
549 2912 629 2946 uuum.
647 2897 781 2945 Pori-18
798 2896 894 2951 Felicit.
911 2911 957 2959 pro
968 2896 1059 2955 facilit.
1077 2894 1165 2946 Guelf.

66 2966 89 3010 l.
132 2959 215 3009 ‘An'
237 2960 358 3023 rejiciunt
379 2961 405 3008 iu
429 2975 531 3009 versum
554 2966 593 3011 17.
638 2962 737 3024 Deiph.
759 2968 787 3009 et
809 2960 936 3023 Rip—ro
955 2960 1000 3023 Di]
1033 2958 1085 3007 Hic
1108 2961 1164 3020 qui-

65 3025 173 3074 busdarn
195 3024 278 3088 [inter
299 3038 362 3089 quos
383 3026 447 3074 Dae.
470 3025 628 3089 numerabis]
656 3025 756 3074 initium
789 3032 829 3073 est
860 3039 933 3073 norae
963 3025 1063 3074 Sceuae.
1088 3024 1165 3073 West.

64 3090 151 3153 Vulgo
170 3088 227 3139 sine
247 3089 413 3138 distinctione
430 3089 457 3137 S.
473 3106 495 3138 o.
510 3091 679 3139 h.aotirhcrra
699 3091 754 3151 (vel
776 3089 834 3137 bona
853 3090 939 3150 noha).
967 3087 1011 3148 Di,
1032 3091 1073 3151 dfe.
1091 3087 1165 3152 quasi

65 3168 116 3203 uus
134 3154 195 3202 iraee
214 3152 299 3202 Sccnu
316 3160 397 3213 esset,
414 3153 590 3218 quodfalsum
611 3155 697 3219 arguit
707 3169 797 3204 versun
816 3157 855 3204 12.
866 3154 939 3202 Both
959 3152 1001 3215 qui
1019 3166 1083 3200 voce
1101 3152 1164 3201 ‘Di’

65 3233 157 3268 uorum
174 3219 284 3267 Sceuuur
305 3218 418 3281 inchoat,
434 3218 514 3267 etsie
535 3219 645 3268 dividit:
672 3218 718 3277 Di,
736 3223 839 3266 ecetram
856 3217 953 3280 fldem!
969 3216 1115 3276 incredibile,
1133 3218 1166 3268 Ρ.

66 3298 96 3330 or.
114 3283 180 3346 quad
199 3280 327 3330 narrarit!
341 3281 345 3347 Ι
360 3283 400 3331 Set
416 3283 454 3331 uhi
470 3288 505 3332 est
518 3283 615 3343 frater?
646 3284 737 3331 Proesto
756 3285 830 3331 adest.
845 3281 849 3344 l
866 3283 971 3336 Gaudeo,
995 3283 1037 3343 dfe.
1074 3282 1166 3330 Mouet

66 3347 111 3396 Fu.
134 3347 196 3396 dorsa
211 3346 277 3394 nodis
288 3360 344 3394 esse
356 3347 382 3393 in
393 3361 416 3394 o.
429 3347 446 3395 l.
458 3361 477 3392 s.
497 3356 524 3395 et
542 3349 620 3394 Rent.
632 3348 670 3393 ita
681 3361 738 3393 csse
759 3347 784 3407 in
804 3347 862 3394 suris.
896 3347 939 3393 Sic
956 3346 1020 3394 daut
1032 3346 1077 3394 Br.
1087 3346 1165 3394 Bent.

67 3411 139 3462 Peri.
168 3411 243 3460 Voce
258 3410 341 3457 ‘bonu
351 3410 358 3432 '
368 3411 477 3458 Sceuarn
488 3409 612 3457 claudunt
629 3409 693 3458 GM.
704 3418 731 3457 et
743 3409 834 3458 (iucif.
843 3416 866 3460 l.
876 3416 904 3459 et
915 3424 978 3458 voce
995 3412 1002 3436 ‘
1014 3408 1064 3457 Dt'
1075 3410 1167 3472 incipit

68 3475 126 3539 Bip.
154 3475 268 3524 Sceuum
288 3475 457 3522 undecimam.
484 3474 567 3522 Notat
589 3475 691 3558 Itruus:
709 3474 721 3548 ‘⁶
729 3473 777 3535 Di]
793 3474 902 3522 Inchoat
921 3488 1008 3523 versus
1026 3487 1117 3521 novum
1135 3474 1166 3522 li·

67 3536 1166 3666 tttttt?utitur.Pttutttttittuttitit?‘dirittitttttf

69 3667 164 3716 tionem
183 3666 320 3715 ‘Thaide’
341 3667 392 3716 duo
404 3667 490 3726 verbu,
505 3682 561 3730 quae
574 3667 598 3714 in
609 3682 633 3715 o.
644 3667 663 3713 1.
676 3683 695 3715 s.
707 3672 776 3726 sunt,
792 3667 931 3726 hacfrater.
966 3665 1000 3714 Et
1010 3665 1035 3712 ia
1047 3665 1167 3728 sequenti

69 3745 143 3781 versu
155 3732 231 3782 Beru.
251 3732 340 3792 habet,
355 3732 392 3779 ita
408 3735 495 3779 nostre
505 3731 579 3778 omnis
589 3737 624 3778 ert
639 3730 739 3789 fautrix
750 3730 774 3789 f.
796 3738 823 3779 ot
844 3738 933 3780 reete:
951 3728 1065 3777 dicemus
1087 3728 1166 3788 enim,

71 3794 227 3844 Suruscrutor
239 3795 286 3853 tui,
322 3795 372 3842 uod
385 3795 411 3841 iu
423 3809 485 3842 casn
498 3795 575 3843 dandi
587 3810 637 3843 uon
650 3803 748 3842 temere
759 3795 882 3855 reperias.
915 3795 1010 3841 Versus
1022 3799 1107 3841 nutem
1129 3795 1167 3845 ita

72 3860 95 3907 in
114 3858 260 3910 trochaicus
272 3810 437 3911 ordinamus:
454 3859 561 3908 Gaudeo.
579 3858 645 3906 Satis
665 3860 748 3907 credo.-
764 3860 827 3908 m'trii
844 3864 879 3906 ert
900 3857 990 3906 Thaide
1009 3857 1062 3920 ttae,
1074 3857 1166 3922 frater,

74 3924 129 4025 mi
143 3924 317 3985 Digrircrquod
328 3929 428 3982 ametur,
442 3923 479 3970 ita
497 3929 583 3972 rostrae
599 3923 693 3970 omni’et
705 3922 805 3981 santae
818 3921 929 3981 familie.
945 3918 950 3986 Ι
967 3922 1031 3970 Mihi
1041 3923 1106 3971 ittam
1116 3923 1167 3970 tuu-

76 3991 112 4037 tas
146 3988 232 4037 Perii:
242 3994 328 4050 quomo
337 3989 414 4036 minue
422 3987 471 4048 spei
479 3993 523 4046 ert,
531 3991 598 4035 tanto
610 3986 686 4046 magis
695 4001 754 4034 amc.
769 3987 814 4034 Fa.
832 3987 922 4035 Nostri
935 4000 1022 4034 omnes
1033 3988 1076 4035 hoc
1084 3986 1167 4045 frater

77 4052 181 4114 habeon
199 4065 265 4100 uuus
275 4058 374 4100 tontum
386 4051 461 4099 omnir
471 4066 528 4101 curu
540 4050 675 4108 Benrbiuo.
708 4050 774 4097 Vide
787 4064 847 4098 vcro
860 4051 1009 4114 superstitio
1021 4052 1080 4115 quid
1092 4049 1168 4101 furit.

80 4115 111 4165 tu
129 4119 217 4166 foreat
234 4116 362 4166 Bembiuo
374 4115 498 4180 Fadrnus,
508 4125 587 4180 negat
599 4115 657 4164 Sam
666 4114 751 4175 fautor
766 4113 810 4164 tibi
822 4115 887 4164 bene
900 4115 990 4166 Latine
1001 4115 1063 4164 dici.
1096 4115 1166 4166 Quid

135 4191 224 4261 Delph.
232 4202 257 4246 et
270 4197 327 4246 Var.
337 4196 402 4245 Cios.
568 4192 661 4245 Terent.
1046 4198 1062 4245 2
1080 4185 1103 4246 L
