2678 4694
115 309 180 373 774
490 322 523 369 r.
545 323 728 373 runsuru
752 319 843 371 nrnr
918 320 922 327 ·

115 468 307 550 Ingenium,
321 475 423 552 utque
440 466 603 547 animum
625 467 748 550 quovis
762 465 841 532 illos
857 462 988 532 tutliu¹
1032 482 1035 487 ·
1093 465 1096 471 ’
1167 462 1171 471 ’

118 568 297 635 Reducis:
322 575 356 634 at
369 569 459 635 enim
474 575 612 648 metuas,
625 589 666 634 ue
682 571 726 634 ab
740 589 775 635 rc
789 570 858 634 sint
871 577 983 642 mmsn

119 671 320 738 Omissiores
335 674 449 758 paulo.
494 670 524 734 Ο
540 679 655 738 noster
671 671 812 749 Demea,

118 775 176 851 Ad
191 777 303 840 omniu
318 777 385 840 aliu
400 782 501 841 aetute
518 777 669 860 sopimus
683 777 827 841 rectius:

119 876 236 942 Solum
250 898 348 944 unum
362 878 429 943 hoc
444 873 562 944 vitium
578 883 730 944 senectus
744 878 838 943 affert
852 877 1066 958 hominibus3

120 980 327 1046 Attentiores
343 1001 459 1046 sumus
474 981 600 1046 adrem
615 1002 744 1059 omues,
760 1001 861 1065 quum
878 987 932 1046 sut
946 987 1022 1060 est3

121 1082 222 1161 Quod
238 1084 317 1148 illos
331 1092 385 1150 set
400 1089 481 1148 retus
497 1091 605 1149 acuet.
650 1084 720 1148 Du.
744 1083 800 1149 Ne
814 1084 955 1150 nimium
969 1078 1074 1146 modo
1122 1086 1125 1091 “

121 1184 228 1249 Bonae
244 1193 313 1251 tuae
329 1186 654 1266 inconsentiens,
671 1187 790 1264 Micio,
1069 1174 1072 1181 ’
1110 1174 1114 1181 ’
1160 1181 1216 1245 ·50

123 1289 167 1352 Et
183 1295 261 1352 tuus
278 1290 345 1353 iste
362 1292 637 1382 animuslaequus,
653 1292 862 1354 subvertunt.
890 1286 972 1381 ΙΜι.
994 1285 1109 1373 Tace:

122 1389 201 1455 Nou
217 1390 292 1457 fiet:
316 1393 408 1458 mitte
418 1391 491 1476 jam
506 1392 624 1459 istaec:
646 1391 692 1455 du
704 1394 737 1454 te
751 1386 853 1454 bodie
868 1389 967 1453 mihi:

122 1480 280 1575 Exporge
292 1493 441 1559 frontem.
485 1494 555 1560 Du.
571 1493 721 1570 Scilicet,
735 1493 783 1556 itu
798 1498 929 1575 tempus
942 1490 1025 1570 fert;

125 1593 332 1665 Faciundum
348 1606 419 1660 est:
442 1603 587 1661 ceterum
603 1615 658 1661 rus
673 1614 748 1661 orus
763 1613 843 1659 cum
856 1592 927 1656 filio

124 1694 210 1761 Cum
226 1694 334 1782 primo
348 1698 428 1761 lucu
443 1699 501 1761 ibo
517 1696 606 1761 hinc.
643 1695 708 1759 M1.
723 1694 832 1759 Immo
848 1693 890 1757 de
901 1699 998 1758 nocte
1013 1710 1159 1775 oensem
1170 1694 1217 1771 'bi

126 1894 171 1942 km
181 1895 298 1942 am'num:
314 1894 469 1957 quomobrem,
480 1898 665 1958 quandocumque
676 1897 781 1957 libuerit,
791 1913 830 1947 eos
841 1898 866 1944 in
876 1900 963 1945 rectum
975 1896 1031 1945 cite
1041 1897 1107 1945 ciem
1115 1897 1218 1945 reducere

61 2014 63 2019 ,
122 1958 220 2021 poteris.
258 1959 342 2007 Verum
354 1960 556 2021 meruissortnme
563 1974 593 2008 ne
602 1961 761 2018 reisumr'liurt
771 1964 884 2022 uuerrdoe
894 1961 971 2009 minus
980 1963 1108 2017 studeunt,·
1124 1977 1139 2007 o
1149 1965 1220 2007 noster

127 2023 227 2080 Demea,
237 2025 269 2070 orl
280 2023 358 2070 omniu
368 2023 416 2071 ullu
427 2029 499 2073 oetute
509 2024 633 2087 peritiores
643 2025 735 2089 fimum
750 2041 831 2074 cerum
850 2030 955 2074 senectus
968 2027 1011 2074 boc
1027 2026 1116 2074 citium
1134 2025 1219 2072 inducit

125 2087 281 2144 &beminen
294 2089 349 2150 plus
356 2090 507 2151 multoqnom
516 2088 576 2137 sotis
585 2096 621 2136 est
631 2091 660 2138 rle
670 2089 763 2137 divitiis
774 2091 949 2138 accumulandis
958 2089 1110 2145 laboremusr
1126 2094 1157 2138 oo
1167 2090 1220 2149 quot

125 2152 183 2201 illos
198 2151 249 2200 lraec
264 2157 324 2201 otus
342 2152 424 2201 renuis
439 2155 499 2202 retis
513 2153 648 2214 insligobit.
684 2155 734 2202 Du.
753 2155 888 2202 Cercusium
905 2160 940 2203 est
950 2168 980 2202 rre
989 2155 1101 2218 speciose
1109 2154 1164 2203 r'stoe
1173 2155 1220 2200 rire

125 2217 238 2274 rationes,
257 2221 282 2264 et
292 2221 346 2264 tuus
357 2217 402 2265 iste
410 2219 479 2266 ruitis
489 2223 511 2266 et
521 2218 605 2277 fucitis
615 2219 708 2267 «nunus
717 2233 760 2266 rios
768 2219 869 2282 perdunt
877 2219 973 2283 etfllirr
982 2225 1086 2269 nmtros.
1119 2220 1170 2268 Mr.
1186 2217 1220 2264 Ne

127 2285 212 2338 mutus,
223 2280 266 2327 bec
275 2294 322 2327 rtem
332 2282 451 2342 adram,
459 2283 542 2331 omitte
553 2283 600 2331 istu
611 2285 679 2332 uerbo
690 2284 747 2330 muli
757 2283 849 2342 arnon,
858 2283 969 2345 permitte
979 2289 1007 2331 ut
1017 2285 1051 2332 sis
1061 2285 1131 2332 bodie
1141 2286 1166 2331 irr
1175 2294 1221 2331 m

126 2347 256 2407 potestate.-
272 2344 480 2404 explieusrorteru.
515 2348 567 2394 Du.
587 2347 706 2394 Nirier'rum
716 2346 1103 2410 tempuridrequirit,sneierrdrrrrr
1115 2345 1222 2408 erum

128 2422 182 2459 ms:
193 2422 272 2456 rerum
294 2422 346 2456 eum
361 2410 463 2471 primm
480 2411 533 2458 dier
549 2411 643 2466 lucebit.
660 2425 715 2460 cros
730 2412 784 2459 linc
802 2411 929 2462 «turmam.
962 2412 1014 2460 Mi.
1032 2413 1109 2461 lmine
1119 2416 1149 2463 dr
1162 2416 1222 2460 nocte

586 2568 747 2587 ”nunno
751 2569 765 2587 Ι

128 2688 178 2737 'Die
189 2690 215 2736 tu
227 2687 272 2736 Br.
301 2689 309 2714 ¹
322 2685 388 2735 GM.
401 2691 485 2748 proto
497 2686 536 2735 die
547 2685 634 2737 exhib.
645 2685 738 2736 studio:
754 2700 830 2751 qrram
841 2687 903 2736 lect.
914 2685 993 2734 rulror
1004 2685 1170 2749 singularem.
1191 2686 1222 2737 Αἱ

129 2767 186 2815 quse
199 2752 303 2815 vulgata
315 2759 364 2810 est,
375 2765 405 2799 eo
417 2751 442 2798 ln
453 2765 533 2815 marg.
547 2751 582 2799 lui
595 2750 719 2800 notatur!
732 2750 864 2799 Peri-tl
881 2749 964 2815 Affert
973 2755 1082 2800 semotus
1090 2750 1223 2801 bominibus.

129 2815 226 2866 Nescio
243 2815 310 2865 unde
330 2816 379 2865 hoc
391 2816 463 2877 cepit
472 2816 524 2864 Fu.
542 2815 613 2863 vides
626 2818 633 2843 ‘
644 2813 735 2865 uffert’
748 2815 773 2863 in
786 2815 876 2863 ultima
893 2815 971 2863 ictum
983 2816 1128 2880 suscipere.
1163 2816 1222 2867 uos·

129 2882 163 2930 tri
180 2881 293 2933 universi
308 2885 413 2929 reuectus
429 2879 500 2943 offm
519 2881 542 2928 b.
563 2880 654 2928 Recte.
683 2881 756 2929 Bent.
776 2880 853 2942 Vulg.
880 2878 1055 2941 Soluntum,
1066 2891 1100 2929 ex
1112 2882 1161 2930 int.
1173 2882 1223 2931 licr-

128 2945 237 3009 ridoque
261 2953 352 2994 metro.
370 2944 442 2993 Botb.
464 2945 590 3007 quilegie
610 2946 690 2994 Unum
709 2947 814 2993 senectus
830 2944 915 3007 uitium
936 2945 978 2992 lroc
995 2943 1071 3008 offert
1091 2946 1223 2996 hominibusi

130 3007 212 3060 Solum
222 3010 265 3058 boc
280 3023 350 3057 unum
363 3011 407 3058 Br.
429 3008 489 3056 Par.
512 3009 561 3058 Mo.
572 3008 677 3057 omnibus
694 3023 740 3071 pro
752 3008 889 3062 bominibus.
907 3007 955 3056 Seu
967 3000 1000 3056 ab
1012 3009 1088 3058 initio
1100 3008 1190 3060 Guetf.
1200 3012 1222 3062 δὲ

129 3078 195 3124 -ts
213 3074 253 3122 Ne
271 3073 370 3120 nimium
388 3074 454 3120 modo
471 3072 536 3122 boue
552 3078 599 3121 true
618 3073 671 3121 istae
691 3074 861 3131 nocentiores,
880 3072 965 3134 Micio,
982 3077 1006 3120 et
1017 3078 1074 3123 tuus
1084 3075 1130 3124 iste
1141 3075 1225 3124 minu

130 3134 937 3261 ittutltttltbfftlll‘..¹.‘.³ll¹l‘r.l.ltr.ltf¹tlt:
949 3137 1225 3253 {titttlizttnll

130 3275 217 3330 (pirent.
252 3264 365 3315 Eandem
378 3264 515 3313 lectionem
527 3279 559 3312 ex
575 3266 658 3312 tribus
670 3267 737 3316 Pall.
750 3267 837 3315 laudat
849 3267 911 3314 Per.
933 3265 1064 3315 Robertus
1077 3269 1225 3343 Stephuuus²

131 3330 298 3388 Pulmupnns,
309 3328 446 3378 Plautinus
456 3329 608 3377 ediderunt:
623 3330 679 3388 Nae,
688 3332 785 3379 nimium
795 3332 862 3378 modo
870 3328 935 3378 bonor
943 3334 991 3378 tuoe
1001 3330 1058 3379 istoe
1066 3345 1110 3379 nos
1121 3332 1224 3388 return,

131 3394 217 3455 Micio,
228 3401 252 3444 et
264 3400 317 3444 tuus
329 3395 374 3442 isle
384 3393 475 3441 unimus
485 3409 564 3455 aequus
573 3394 696 3443 solemur.
725 3395 775 3454 Seri
788 3397 890 3442 videtur
901 3395 1032 3445 adversari
1044 3396 1105 3444 lruie
1115 3397 1223 3456 lectioni,

131 3460 199 3525 qnod
211 3459 332 3507 continuo
349 3459 473 3521 sequitur.
488 3458 564 3507 ‘Non
577 3457 641 3507 fiet?
665 3458 720 3508 EA.
737 3460 811 3510 Junt.
824 3457 885 3506 ΑΜ.
895 3459 952 3506 uliae
966 3460 1081 3507 melioris
1098 3470 1166 3511 notae
1177 3463 1224 3511 rul-

130 3529 225 3581 portent
238 3525 334 3586 legunt.
355 3524 428 3576 West.
463 3523 509 3572 Ne
520 3523 618 3573 nimium
637 3525 697 3575 Par.
710 3525 750 3572 eil.
763 3522 924 3587 improbante
938 3522 1075 3572 Perl—il
1093 3526 1223 3575 δύναταί.

132 3589 223 3640 Nostri
236 3603 322 3637 oruues
333 3587 478 3637 subvertunt.
504 3587 637 3654 Utrumvis
651 3589 741 3652 probe,
753 3596 780 3636 et
792 3587 897 3649 legerim
909 3587 998 3647 etiem,
1010 3588 1088 3636 Bonoe
1099 3595 1147 3638 tuoe
1157 3591 1224 3649 istoc,

131 3667 179 3719 pro
190 3654 254 3714 r'stoe,
265 3659 293 3702 ut
309 3652 398 3701 ‘buc’
417 3668 462 3716 pro
479 3651 554 3700 ‘lue’
571 3653 651 3713 Bene„
668 3652 796 3701 Subcortut
808 3652 836 3702 Z.
851 3651 899 3699 Del
920 3652 945 3698 b.
955 3651 1034 3700 Both.
1059 3653 1223 3703 ‘Suboortuut

130 3720 174 3768 Sin
187 3721 254 3780 plur.
265 3720 330 3766 Msn.
355 3716 406 3766 seu
419 3719 489 3766 varie
502 3719 550 3777 teg.
561 3716 699 3775 snbmrtut;
710 3716 861 3773 subuertnrt;
872 3730 884 3763 s
915 3715 989 3764 rurtit
996 3731 1006 3774 ,·
1017 3718 1144 3768 evertunt!
1160 3719 1221 3767 Perl.

132 3788 196 3832 -53
212 3779 456 3845 ExpergeGrrelfi2.
483 3783 581 3843 Tempus
597 3781 698 3842 itusert
714 3781 801 3830 scilicet
820 3781 898 3828 Butlr.
924 3779 1032 3843 Scilicet,
1045 3782 1224 3844 itatemprsert

132 3844 258 3909 Bru-rr
277 3849 346 3896 Cres.
370 3847 452 3896 Abest
471 3846 527 3894 buc
546 3840 594 3893 robe
615 3861 630 3895 n
648 3847 697 3895 Ms.
709 3847 778 3908 Llps.
792 3853 819 3894 et
830 3845 905 3893 Bodl.
918 3851 947 3892 et
958 3844 1013 3893 ΕΡ.
1026 3846 1074 3894 sed
1086 3848 1176 3910 nequit
1186 3855 1223 3898 ru·

133 3925 190 3960 esse
207 3911 262 3960 sino
281 3910 356 3975 metri
375 3911 477 3960 damno.
499 3911 575 3961 Weu.
608 3909 690 3963 Abest
710 3908 797 3960 Guelf.
814 3913 901 3958 3.—-55
921 3909 980 3958 Cum
996 3910 1076 3970 primo
1096 3912 1159 3962 lucu.
1188 3912 1223 3961 ln

133 3975 249 4039 plerique
262 3976 325 4026 ltlss.
338 3985 365 4024 et
384 3976 416 4024 im
439 3975 509 4024 ressi.
524 3973 624 4036 'Pauci
635 3975 659 4022 in
670 3974 761 4039 quibus
776 3975 825 4023 Ms.
838 3973 909 4036 Lips.
922 3973 956 4023 G.
969 3973 1026 4023 ΕΡ.
1039 3981 1068 4023 et
1081 3975 1149 4026 EM.
1170 3977 1224 4035 Cum

131 4039 278 4101 primulum.
295 4040 378 4089 West.
403 4040 420 4089 Ι
462 4041 525 4088 lunc.
550 4039 615 4089 Herc
628 4040 706 4088 verbu
717 4040 742 4087 in
759 4038 831 4086 libris
848 4036 1001 4102 quibusdum
1014 4052 1061 4099 per
1073 4039 1223 4098 troam-nm

133 4103 305 4163 omittuntur;
329 4103 397 4153 forte
416 4119 448 4153 ue
467 4104 629 4166 septenarius
649 4116 740 4152 versus
757 4112 897 4166 poneretur
916 4103 985 4151 inter
1004 4105 1131 4154 senarios.
1158 4106 1222 4154 lrlem.

135 4167 283 4218 Dictioueur
296 4167 495 4219 imnouetumus
506 4176 534 4218 et
545 4182 578 4217 ex
589 4169 689 4218 ratloue
701 4182 801 4231 versus,
817 4174 846 4217 et
856 4181 889 4217 ex
901 4166 1059 4220 auctoritate
1075 4164 1138 4218 libri
1155 4171 1221 4219 uen-
