2678 4694
1126 324 1141 353 ,.

316 345 549 394 nuonnrours
573 343 874 392 sor.11.so.ru.
1079 325 1146 389 boo

338 561 492 630 sorus
515 564 563 631 11.
608 563 765 662 sonus
788 564 856 632 ιιι.

316 731 498 779 nutilium.
535 730 646 779 GETA.
686 729 872 778 erronum.

47 836 121 929 Du.
144 832 199 898 Es
216 855 364 918 unquam
380 835 538 918 cuiquam
553 832 830 898 contumeliosius

45 936 206 1004 Audistis
220 938 347 1001 factam
361 935 526 1020 injuriam,
541 954 643 1019 quam
657 934 732 999 haec
747 944 799 997 est
813 932 918 997 mihil

46 1033 1143 1120 mffiwmfflmmmfflfflfflmm

183 1140 324 1221 mm

81 1295 136 1343 Da.
155 1295 193 1342 Ea
208 1308 311 1356 usqum
326 1295 421 1344 uidistis
436 1296 510 1345 uuam
527 1294 642 1344 bominem
655 1292 739 1353 mqiori
754 1292 843 1352 ὶιιὶιιιία
857 1293 969 1358 offectura
981 1291 1145 1356 faciasqqaom

45 1372 92 1422 ego
106 1363 247 1410 murum?
256 1357 436 1424 juuotrqturao.
468 1359 519 1410 Gn.
536 1361 579 1409 Ira
596 1360 709 1423 stapulas·
719 1363 762 1408 ert.
795 1358 847 1408 Pu.
865 1358 930 1414 Quis
939 1363 1011 1420 turer,
1020 1363 1051 1408 rt.
1085 1359 1144 1407 duro

83 1601 96 1645 l
116 1597 198 1661 Naraq.
208 1597 269 1661 cuiq.
280 1597 376 1665 ubsque
388 1597 513 1662 interrog.
524 1597 612 1649 Guelf.
622 1600 694 1648 1.-a
716 1596 817 1647 Vidistis
827 1593 910 1646 id.-s
924 1595 988 1652 Quia
997 1599 1025 1644 lar
1034 1595 1077 1644 boc
1086 1596 1145 1663 ogr]

44 1661 135 1726 Super
143 1661 185 1710 lais
196 1661 292 1724 rerbls,
302 1661 339 1709 lta
350 1660 415 1711 dicit
427 1663 563 1712 Donatus:
587 1669 595 1691 ‘
609 1661 711 1711 Annuit
727 1667 757 1710 ut
774 1667 870 1718 taceat,
881 1667 910 1709 et
927 1656 1057 1723 significat
1068 1660 1145 1711 allen·

45 1726 132 1776 tium!
163 1723 215 1774 Sed
229 1725 296 1774 unde
307 1726 355 1774 boc
372 1727 474 1775 Donato
485 1728 592 1777 venitin
604 1735 728 1787 mentem,
739 1718 808 1789 quod
818 1739 865 1789 per
875 1724 931 1774 lraec
942 1723 1022 1774 rerba
1032 1725 1089 1789 quis
1099 1740 1145 1775 an·

45 1797 113 1840 nnat
123 1789 199 1840 alteri
212 1796 241 1838 ut
253 1790 357 1838 taceat?
374 1805 422 1838 non
435 1792 538 1855 quidem
550 1806 583 1840 ex
594 1805 682 1840 eorum
693 1789 898 1853 significatione:
918 1790 1012 1838 nullam
1025 1790 1092 1839 enim
1104 1798 1146 1840 ta·

45 1854 99 1907 lem
111 1854 162 1902 vim
174 1853 281 1930 Ιιιιῑιειιῑξ
292 1853 336 1902 sed
349 1855 467 1905 nimirum
479 1856 575 1922 aliquid
586 1871 642 1906 esse
652 1855 744 1906 debuit
754 1855 780 1903 in
799 1855 873 1920 hujus
887 1853 977 1904 Postu
990 1854 1070 1915 libris,
1080 1869 1144 1969 quoa

44 1919 140 1968 babuit
151 1917 207 1981 ipse
219 1919 405 1982 castigatiores,
415 1919 484 1986 quod
494 1936 552 1971 euna
564 1921 597 1970 ad
614 1923 651 1972 ita
668 1919 866 1984 intelligendum
878 1919 946 1968 branc
957 1919 1043 1969 locum
1054 1919 1080 1967 in
1100 1935 1146 1969 ua·

46 1984 108 2032 erit.
142 1981 209 2033 Sane
221 1997 309 2034 omues
321 1984 420 2049 antiqui
437 1985 504 2048 libri,
534 2001 563 2034 ro
573 2002 629 2048 age,
639 1985 736 2034 habeut
746 2000 818 2047 ageas
835 1982 904 2050 quod
920 1983 993 2033 nobis
1005 1983 1071 2032 viam
1083 1999 1145 2048 ape·

45 2049 102 2096 ruit
114 2046 147 2096 ad
158 2048 224 2096 banc
235 2048 371 2097 lectionem
383 2001 578 2100 restituendam.
611 2052 680 2100 Nem
691 2049 769 2098 litera
784 2063 796 2096 s
814 2063 847 2097 ex
862 2062 920 2108 ogra
938 2047 1064 2108 detracta,
1076 2062 1146 2097 seor·

47 2126 159 2175 sumque
171 2112 323 2173 constituta,
333 2112 408 2177 eique
418 2113 507 2163 addito
519 2120 538 2172 t,
549 2115 580 2164 fit
591 2119 653 2163 nota
664 2112 760 2160 silentii
768 2117 810 2167 st,⁸
826 2112 863 2160 ita
874 2111 934 2170 erit,
944 2111 1001 2172 quia
1010 2116 1038 2158 tar
1048 2111 1090 2159 luc
1100 2126 1146 2172 age

45 2181 87 2225 at:
104 2180 133 2224 at
142 2176 283 2227 clarissime
293 2176 463 2240 intelligetur,
471 2178 654 2227 Phormionem
665 2176 743 2224 Getae
753 2174 886 2223 silentium
895 2172 1018 2222 indicere.
1050 2173 1146 2239 Super·

48 2245 102 2301 est,
113 2241 232 2291 utverbs
243 2241 348 2299 Donati,
360 2257 419 2305 quas
439 2241 541 2304 etipsa
559 2246 683 2304 corrupta
701 2243 769 2299 runt,
787 2236 962 2287 emendemus.
993 2236 1058 2287 Quis
1077 2237 1147 2289 enim

47 2318 102 2370 oon
121 2303 203 2364 videt,
214 2320 289 2369 quam
302 2304 385 2354 otiosa
397 2305 430 2354 sit
441 2305 486 2354 illa
496 2304 619 2368 repetitio
634 2308 701 2368 post,
712 2301 798 2352 canuit
816 2308 843 2352 art
860 2304 947 2362 taceat,
964 2301 1033 2366 quod
1054 2316 1101 2362 per
1117 2317 1146 2353 se

48 2368 136 2418 sensui
146 2367 251 2426 suffieit,
261 2368 404 2426 subdendo,
421 2374 445 2419 et
460 2369 581 2434 ambitui
590 2369 728 2420 silentium?
751 2367 834 2418 eram
847 2380 910 2416 vero
921 2366 1031 2416 absurde
1042 2365 1148 2429 dicitur,

48 2447 118 2487 eum.
131 2433 174 2497 qui
186 2433 275 2482 anuuit
283 2433 357 2483 alteri
366 2440 396 2482 ut
407 2440 505 2496 taceat,
514 2433 663 2497 significare
674 2431 814 2495 silentium,
823 2446 882 2481 cum
893 2429 1054 2494 significandi
1065 2429 1148 2480 factri-

49 2503 92 2546 tas
102 2511 153 2546 uon
165 2497 294 2561 personis,
304 2498 348 2546 aed
360 2497 493 2546 vocabulis
504 2500 631 2551 attributa
642 2497 694 2547 sit?
712 2511 791 2561 quare
807 2511 854 2559 pro
868 2501 902 2557 et,
917 2496 1060 2545 motatione
1070 2495 1147 2544 unitas

47 2559 144 2623 litere,
153 2566 176 2610 st
185 2560 324 2624 legendum
334 2561 508 2623 arbitramur3
526 2571 554 2611 ut
564 2564 664 2612 sitiisse
676 2562 754 2611 lectio
764 2561 874 2620 Donati,
886 2559 950 2615 Quia
961 2564 989 2607 ta
997 2559 1040 2608 boc
1049 2559 1149 2623 ogast}

47 2624 145 2675 Aaouit
160 2630 187 2674 art
204 2629 324 2686 tooeot,st
334 2625 456 2692 sigauficot
473 2626 601 2677 silentium.
635 2626 701 2675 Cam
717 2625 773 2674 lraec
789 2624 988 2687 scripsissemus,
998 2622 1148 2684 diligentius

47 2689 178 2754 inspicere
197 2689 322 2739 voluimus
334 2689 523 2753 antiquissimos
534 2690 650 2739 Terentii
666 2689 757 2750 libros,
768 2694 797 2737 et
814 2687 842 2735 in
860 2686 904 2734 vi.
921 2684 1073 2748 invenimus,
1089 2692 1149 2748 post

46 2755 117 2815 riges,
129 2766 243 2802 rasumm
256 2753 330 2802 uuius
341 2754 447 2814 litteras,
457 2753 540 2802 instar
550 2759 575 2800 r.-
598 2761 627 2799 ut
638 2751 716 2799 facile
727 2751 823 2813 conjici
835 2748 925 2813 possit,
939 2748 1065 2812 scriptum
1077 2750 1148 2812 priua

47 2815 134 2873 fuisse
145 2831 177 2875 ag
186 2819 227 2872 rt,·
245 2816 271 2864 id
284 2830 346 2864 vero
355 2830 455 2864 omnem
467 2815 541 2865 nobis
550 2814 747 2873 dubitationem,
760 2814 780 2861 si
792 2827 843 2877 qua
860 2813 893 2861 de
906 2812 953 2862 lrsc
963 2819 1051 2862 uestra
1062 2827 1149 2864 emen·
1179 2818 1183 2827 ’

47 2878 156 2933 datione
168 2879 293 2936 restabat,
304 2879 408 2928 exemit.
432 2879 478 2929 Fu.
519 2879 584 2934 Quia
602 2883 629 2927 tu
643 2877 686 2927 boc
697 2876 752 2938 ogs]
770 2877 811 2927 lta
823 2877 952 2942 pleraeque
964 2877 1091 2926 editiones
1104 2893 1148 2941 ra-

49 2954 138 3002 teres;
156 2942 268 2992 Juntina
277 2948 371 2999 tamen,
383 2941 487 3006 Aldina,
499 2944 566 3000 aliae,
574 2943 640 2998 Quia
650 2948 676 2992 tu
687 2943 729 2991 lroc
739 2956 804 3001 ages.
837 2939 925 3004 Atque
935 2940 973 2990 ita
984 2939 1077 2991 Leidd.
1085 2957 1149 3004 qua-

50 3015 120 3068 tuor,
131 3021 239 3070 quorum
259 3006 302 3056 uni
319 3008 534 3075 suprascriptum,
545 3007 643 3070 fugies3
667 3005 701 3056 G.
718 3005 781 3055 Wit.
802 3011 830 3054 et
847 3003 940 3054 Boenrl.
973 3005 1013 3054 Ex
1024 3018 1075 3070 qna
1086 3006 1149 3058 lect.

50 3070 209 3135 conjiciebat
219 3070 343 3134 Fadrnus,
354 3073 478 3135 scripturn
490 3072 638 3122 s'l'erentio
649 3069 746 3120 fuisse:
765 3069 829 3126 Quia
839 3075 866 3119 ta
875 3070 918 3118 boc
928 3083 988 3132 ugo:
1002 3072 1034 3119 st.
1051 3069 1149 3120 Firmat

51 3151 131 3200 porro
143 3150 214 3184 suam
225 3137 379 3186 senteutiam
391 3152 424 3185 ex
434 3138 551 3199 Donato,
563 3142 700 3200 putatque,
708 3135 842 3198 scripsisse
853 3135 1002 3183 Donatum:
1019 3132 1113 3185 Aaou
1122 3141 1152 3185 ut

50 3205 139 3251 iaceat.
163 3200 194 3248 St
204 3199 323 3266 almificat
334 3201 462 3251 silentiam.
496 3202 546 3250 Sed
558 3209 731 3264 preterquam
743 3199 811 3264 quod
827 3212 903 3249 nemo
915 3198 1151 3251 Commentatorum

50 3266 89 3315 ita
100 3279 128 3314 se
141 3263 267 3326 reperisse
280 3265 303 3312 in
313 3266 368 3334 pilo
380 3267 432 3315 Ms.
444 3273 566 3330 testatur,
574 3267 618 3314 vix
624 3265 735 3328 junctim
748 3264 873 3327 reperias,
883 3263 947 3320 Quia
956 3262 1034 3313 labor
1042 3278 1104 3327 ogr:
1118 3271 1152 3317 at.

53 3329 132 3380 Quod
144 3343 205 3378 vero
217 3328 347 3377 existimat
365 3329 433 3378 idern
446 3330 570 3391 Faernus,
582 3330 691 3380 absurde
710 3328 770 3391 dici,
786 3343 844 3377 eum
863 3329 906 3393 qui
919 3327 1009 3378 annuit
1026 3328 1152 3391 alteri‚ut

53 3400 153 3453 taceat,
163 3390 308 3454 siguificare
320 3391 460 3452 silentium,
475 3409 533 3442 cum
553 3393 716 3457 significandi
727 3392 839 3443 facultas
849 3407 901 3442 nou
912 3393 1037 3458 personia,
1047 3393 1094 3445 sed
1107 3408 1151 3443 ro·
1218 3441 1226 3446 .

52 3457 153 3518 cabulia
166 3456 294 3507 attributa
304 3457 347 3516 sit,
359 3456 385 3504 io
396 3471 426 3505 eo
444 3457 501 3520 ipse
520 3458 627 3507 fallitur.
659 3456 841 3520 ‘significare’
858 3457 926 3507 enim
939 3456 979 3506 vel
990 3457 1099 3506 maxime
1110 3464 1152 3506 est

53 3529 120 3572 nutu
140 3521 181 3569 rel
200 3521 316 3582 gestibus
328 3519 451 3570 indicare.
478 3520 556 3570 West.
599 3521 853 3581 Quintumque
880 3521 923 3569 Sic
935 3517 1008 3568 dedit
1018 3519 1151 3581 Faiirnus;

53 3592 82 3635 et
94 3585 180 3634 attritis
191 3585 277 3661 uerbis
289 3586 328 3634 vir
338 3584 451 3659 optimos
461 3584 525 3632 nihil
537 3582 659 3660 profecit.
694 3583 790 3633 Donati
804 3596 849 3657 rer
868 3597 884 3630 a
898 3590 938 3657 sat
949 3581 1016 3633 bene
1026 3583 1150 3659 explicari

53 3650 350 3774 ittlttutttii
363 3644 1149 3773 &distulerim‘’liltttitttsttititt:

53 3777 142 3828 Docui
152 3777 185 3825 ad
223 3776 264 3825 ud.
276 3791 316 3826 rr.
329 3782 353 3826 l.
364 3782 404 3826 59.
421 3783 445 3827 rt
480 3792 509 3826 er
526 3792 554 3827 se
571 3776 696 3840 syllabam
707 3774 813 3836 faceret
828 3789 880 3824 uon
892 3780 979 3836 potest
989 3774 1078 3839 itaque
1090 3790 1149 3826 cum

53 3857 100 3904 ogr
112 3841 136 3890 in
146 3840 262 3891 Iambum
275 3842 429 3892 coalescere.
458 3793 542 3906 idque
553 3842 608 3905 ipse
618 3840 777 3904 experiendo
787 3839 861 3889 scies.
890 3839 957 3888 Nam
969 3840 994 3886 in
1004 3844 1027 3888 rt
1038 3854 1151 3902 pronun·

55 3904 215 3963 tlsudquoo
228 3905 368 3954 attrahitur
379 3908 496 3968 spiritus,
512 3907 558 3956 sed
578 3907 740 3970 propellitur.
772 3905 820 3953 Eat
832 3911 928 3967 tamen,
938 3904 981 3966 qui
998 3901 1108 3957 affirmet
1125 3912 1150 3955 st

54 3969 112 4020 fere
123 3983 227 4033 semper
236 3968 305 4033 apud
317 3969 439 4018 Plautu-
451 3984 508 4020 cum
526 3969 615 4034 priore
635 3968 734 4033 syllaba
749 3969 904 4019 coalescere.
936 3968 1061 4026 Sancite,
1072 3969 1151 4022 ubist
1247 4018 1251 4027 ,

56 4033 466 4098 pro,est,renit,ut,Mirum'st,
482 4033 656 4093 Miserum’rt3
681 4031 727 4082 sed
738 4048 770 4083 ae
785 4033 864 4082 semel
893 4030 990 4094 uidem,
999 4031 1042 4082 ubi
1053 4034 1151 4087 silentii

55 4106 177 4147 uotaest.
193 4098 267 4149 Boot.
300 4096 365 4162 Age]
383 4097 447 4147 GM.
458 4114 523 4162 ogas.
541 4100 613 4148 Perl.
644 4096 693 4160 'St]
710 4095 793 4147 Abest
810 4103 871 4145 nota
902 4097 1148 4149 uesireuoiaGM.

52 4169 85 4214 et
96 4163 140 4217 Br.
158 4163 197 4213 ld.
229 4161 294 4243 agis
305 4163 382 4214 Beot.
395 4169 476 4214 recte.
499 4163 530 4216 c.
541 4172 568 4215 et
581 4163 641 4215 Hel.
652 4177 716 4231 ogra,
728 4168 757 4215 ut
767 4161 923 4227 antiquiores
934 4176 1032 4215 omues
1063 4164 1148 4228 Vulgo
