2678 4694
376 297 547 346 nunnoni
576 298 656 347 nnn.
680 299 714 349 v.
737 297 789 347 sc.
814 301 849 347 v.
1093 292 1158 357 515

55 440 145 519 Qnae
160 439 274 504 futura
288 442 447 526 exempla
466 442 584 508 dicunt
605 444 639 507 iu
661 465 738 510 eum
754 445 912 529 indignat
957 446 1024 511 ΡΑ.
1048 448 1158 516 otu-

211 542 294 606 iter!

57 640 146 720 Quae
162 562 252 710 ilfaeo
267 647 364 711 turba
384 645 447 711 ’stt
474 666 631 711 numnam
653 668 716 732 ego
737 629 851 733 periit¹
874 651 993 717 adibo:
1016 653 1095 735 quid
1112 655 1158 719 is·

187 752 257 826 tuo,
272 747 440 832 Pythiast
1136 759 1160 820 5

56 846 150 926 Quid
172 823 252 914 ais?
285 853 319 916 in
343 871 443 934 quem
465 852 623 935 exempla
636 851 740 917 fiontt
784 851 855 917 ΡΥ.
879 851 1037 936 Rogitas,
1054 855 1157 922 auda-

53 954 369 1216 Perdidigltdsidlltdda,
385 1073 484 1138 quem
499 1053 642 1120 adduxti
654 1075 714 1138 pro
735 1053 910 1135 Eunucho,
926 1058 1157 1126 adolescentu-

225 1174 256 1216 m
612 1165 619 1177 .

53 1254 143 1320 Dum
161 1175 374 1322 stddesdare
395 1259 500 1323 verba
517 1260 627 1324 nobis.
672 1260 739 1324 Pu.
765 1258 857 1338 Quid
881 1261 956 1326 itat
988 1269 1048 1327 aut
1074 1263 1156 1346 quid

185 1357 314 1422 fantum
329 1358 397 1424 ’stt
420 1361 514 1425 codo.

54 1457 122 1522 ΡΥ.
145 1456 289 1524 Dicam:
312 1459 471 1542 virginem
494 1464 609 1542 istam,
624 1462 748 1529 Thaidi
762 1484 839 1547 quae
853 1464 954 1529 hodio
970 1465 1060 1529 douo
1077 1465 1158 1531 datu

184 1559 240 1639 's'

58 1662 130 1727 Scis
145 1570 229 1727 eamt
236 1663 314 1728 hinc
329 1666 440 1729 civem
454 1685 542 1743 esse,
554 1675 588 1731 ot
602 1667 735 1732 fratrem
746 1666 820 1751 ejus
835 1687 912 1732 esso
928 1667 1079 1752 apprimo
1093 1687 1157 1733 no·

184 1765 316 1829 bilemt
1114 1772 1157 1835 10

63 1864 123 1928 Pu.
145 1865 287 1932 Nescio.
333 1868 401 1932 ΡΥ.
425 1867 533 1952 Atqui
548 1872 597 1934 sic
624 1872 757 1935 iuventa
771 1870 833 1936 'stt
856 1891 929 1935 eam
944 1871 1007 1935 iste
1022 1873 1155 1938 vitiavit

184 1988 295 2032 m1ser.

70 2181 158 2242 innupto
168 2181 316 2229 dicuntnrin
326 2181 497 2242 eumsuoieudn
507 2179 574 2230 esse!
606 2183 657 2231 Pa.
677 2183 700 2230 0
716 2181 831 2244 Jupiter!
849 2197 902 2244 quoe
921 2183 963 2232 itio
981 2182 1086 2231 turbatio
1101 2188 1156 2233 esti

74 2243 137 2303 Egone
146 2243 240 2295 unisti?
255 2247 371 2295 nonedam.
406 2245 470 2302 Quid
481 2247 545 2294 istud
555 2251 599 2305 est,
610 2245 730 2310 Pythius?
745 2247 802 2308 quin
817 2249 940 2310 quiretis?
958 2248 984 2296 in
995 2262 1039 2310 qno
1050 2250 1157 2311 exempto

73 2310 139 2366 unuin
148 2325 268 2372 poenarum
284 2312 372 2359 edendo
387 2325 435 2360 esse
451 2311 527 2359 duis?
559 2311 613 2359 ΡΥ.
634 2310 673 2358 An
691 2311 788 2373 queris,
806 2309 1027 2374 impudentissime?
1043 2313 1156 2362 Exitium

75 2373 159 2422 utniisti
169 2374 222 2422 tunic
237 2375 415 2437 adolescentulo,
433 2390 500 2438 quem
512 2389 556 2437 pro
567 2375 680 2423 Eunucho
692 2378 723 2424 ud
733 2377 796 2424 aedes
806 2381 898 2424 nostros
908 2377 1038 2432 deduxisti,
1047 2379 1102 2425 dnm
1113 2393 1156 2426 nos

75 2435 118 2486 ott
131 2439 298 2488 circumuenire
316 2440 416 2488 conaris.
450 2440 500 2488 ΡΑ.
520 2438 585 2494 Qotu
603 2440 640 2487 ito
657 2440 732 2489 dion?
746 2445 789 2489 out
807 2440 864 2502 quid
876 2439 972 2500 sactum
993 2440 1046 2492 est?
1064 2442 1158 2492 Dicito.

10 2524 34 2537 ··
66 2496 114 2548 ΡΥ.
127 2503 218 2551 Diuum.
255 2503 379 2552 Novistine
396 2504 514 2565 uirginem
529 2505 610 2565 istum,
629 2519 681 2566 qnoe
699 2504 766 2553 noun
782 2507 842 2553 dono
859 2507 963 2554 dotuest
976 2505 1156 2563 rtoiutnoem

76 2567 184 2627 ennato
199 2567 284 2625 urbis5
302 2568 394 2631 <iusque
405 2568 512 2628 fratrem
529 2569 592 2616 inter
609 2568 697 2630 primos
714 2569 801 2617 nobiles
819 2568 958 2620 numerari?
991 2571 1040 2618 ΡΑ.
1061 2571 1154 2619 Nescio·

77 2623 114 2680 ΡΥ.
128 2631 202 2696 Atqui
212 2648 263 2682 esse
273 2647 325 2681 eum
334 2634 408 2682 ciuem
418 2633 525 2682 Atticum
535 2638 676 2695 compertum
686 2639 731 2682 est.
767 2634 837 2681 Hono
851 2633 896 2683 iste
913 2635 1096 2684 adolescentulus
1105 2640 1157 2683 stu·

515 2797 696 2818 §mlv

74 2913 102 2963 dit
113 2912 188 2966 nent.
206 2914 350 2979 [eunoun]
368 2915 441 2965 R.D.
460 2915 510 2971 Mu,
522 2915 594 2978 Lips.
606 2915 689 2976 dignu.
708 2913 837 2963 Perizouii
846 2913 880 2962 nd
889 2913 977 2963 Sanct.
986 2913 1051 2964 Min.
1063 2925 1101 2962 ΥΥ.
1115 2918 1155 2966 11.

72 2983 115 3029 nt.
129 2981 286 3030 auctoritate
303 2988 399 3040 motus,
411 2981 547 3029 maximam
559 2981 752 3030 distinctionem
773 2979 864 3028 sustuli
881 2985 940 3041 post
956 2977 1059 3028 ‘foras'
1079 2980 1156 3029 West.

74 3043 143 3107 Utus]
165 3045 198 3093 Id
223 3045 283 3108 [ΒΥ.
301 3044 341 3106 et]
360 3045 433 3093 Rom.
446 3043 504 3093 cod.
522 3045 590 3095 Peri.
624 3045 740 3093 Maxima
751 3043 921 3093 distinctione
932 3043 965 3092 ad
976 3043 1053 3092 tinem
1066 3059 1155 3094 versus

71 3111 88 3184 ³:
95 3115 207 3172 pungunt
219 3111 264 3186 ΒΥ.
276 3109 337 3171 Βίρ.
349 3109 421 3159 Peri.
434 3116 531 3171 etpost
547 3110 556 3135 ⁴
571 3108 693 3185 indignus
713 3110 757 3156 ΒΥ.
778 3110 850 3185 Post¹
860 3109 868 3136 ‘
878 3107 1000 3185 indignu’
1010 3107 1155 3158 admirandi

33 3259 47 3309 ,
69 3172 1158 3301 tuumnhutff'ntt'unttiusuuntfttinniunt

66 3300 85 3350 in
137 3319 152 3353 e
168 3302 222 3365 huj.
240 3317 277 3351 vs.
300 3302 361 3352 Istic
372 3303 468 3351 Br.-o
485 3303 568 3363 Rogas
582 3303 678 3352 ΒΥ.-7
695 3303 777 3355 Istunc
786 3302 912 3351 Bon-o
932 3302 1009 3352 Hodie
1019 3316 1070 3364 qnoe
1081 3302 1155 3365 dono]

66 3365 129 3417 Bon.
147 3366 289 3432 quoehodie.
306 3366 352 3416 Fa.
388 3364 467 3430 Atqui
487 3381 575 3414 omnes
596 3368 686 3428 nostri,
706 3367 803 3428 Thaidi,
819 3366 888 3415 nodie
906 3380 967 3428 quo.
1002 3367 1104 3426 Recte;
1127 3376 1156 3417 ot

66 3433 155 3492 gratior
174 3433 197 3481 it
216 3445 323 3480 versus:
343 3430 411 3494 quod
423 3439 451 3479 ot
464 3432 503 3479 vin
515 3431 606 3479 doctus
620 3432 710 3480 sensit.
728 3431 802 3479 Bent.
836 3429 917 3479 Hodie
932 3446 985 3493 quoe
995 3432 1042 3480 ΒΥ.
1058 3431 1156 3493 Delph.

66 3494 133 3546 Both.
146 3495 285 3546 Peri-10
301 3495 418 3544 Scissum
428 3495 483 3544 nine
493 3496 567 3544 civem
579 3496 641 3558 esse]
674 3495 757 3558 Atqui
776 3496 824 3543 hoc
844 3501 923 3559 pacto
941 3496 1015 3544 ciuem
1034 3495 1059 3543 iu
1077 3495 1155 3543 Theai

66 3567 139 3612 totuin
150 3561 310 3611 occultator.
343 3559 512 3609 omniafere
529 3560 710 3622 antistatum
728 3560 799 3610 hinet
817 3559 895 3607 Boot.
930 3560 964 3607 Et
984 3559 1035 3618 ejus
1048 3556 1155 3617 fratrem

64 3625 157 3688 opprimo
172 3623 286 3687 anditum]
319 3623 354 3674 Ο.
363 3624 380 3674 l.
390 3639 410 3672 s.
422 3624 461 3674 ita
471 3625 610 3685 collocant,
617 3625 724 3684 fratrem
735 3624 786 3684 sius
793 3639 803 3682 ,·
820 3630 848 3673 ot
856 3626 978 3674 Donatus
989 3637 1106 3688 quoquo:
1123 3637 1155 3672 ao

65 3690 216 3750 amnionis
232 3688 291 3752 ipso
308 3696 336 3739 et
353 3688 413 3737 libri
431 3689 523 3752 scripti
539 3689 656 3740 Terentii
677 3688 733 3737 feto
754 3703 853 3748 omnes,
871 3695 931 3751 post
946 3689 954 3716 ‘
967 3686 1040 3749 ejus‚'
1057 3686 1156 3738 habent

65 3754 160 3807 verbnm
171 3768 236 3805 esse:
246 3752 317 3818 quod
328 3760 354 3802 et
363 3753 449 3802 versui
461 3754 633 3803 necessarium
644 3758 729 3815 nonin
740 3754 861 3809 sermoni,
873 3751 987 3816 quamvis
995 3751 1155 3813 geminatum

66 3818 185 3881 videatur,
202 3832 252 3867 nou
272 3817 470 3869 incommodum.
488 3819 534 3868 Fu.
569 3819 668 3867 Omnes
686 3817 764 3868 etiarn
782 3819 874 3879 nostri,
893 3816 1000 3877 fratrem
1020 3818 1070 3878 ejus
1086 3830 1156 3867 em:

68 3883 106 3932 sed
120 3885 190 3947 lege,
198 3882 358 3945 fratremveii
374 3896 432 3933 esse.
466 3883 543 3933 Nunc
561 3883 667 3945 iudicat,
683 3882 792 3932 fratrem
815 3882 907 3945 virgini
923 3894 998 3941 esse3
1014 3894 1065 3929 non
1076 3882 1156 3932 sumit

68 3952 92 3995 ut
104 3946 261 3998 Parmenoni
272 3955 372 3997 notum.
405 3947 457 3998 Qui
469 3948 537 3995 enim
547 3948 633 4009 potuit
644 3947 692 3995 hoc
704 3948 781 4003 sciro,
791 3947 833 4010 qni
846 3961 878 3995 ue
889 3946 971 4008 ipsam
984 3945 1155 4010 quidamque

69 4019 126 4063 tutet
133 4012 229 4063 sciret?
248 4011 324 4061 Bent.
357 4010 504 4062 Snsnetnino
514 4012 654 4072 essentem,
671 4011 806 4069 ettiutrem
818 4011 840 4059 ei
852 4025 902 4059 esse
913 4010 992 4059 Both.
1016 4009 1082 4060 Soin'
1103 4025 1156 4060 eom

69 4071 195 4127 Βυιίυω
205 4089 265 4138 ωε,
280 4082 305 4125 et
316 4073 367 4134 dus
378 4075 485 4135 fratrem
499 4091 554 4139 opp.
572 4075 671 4125 nobilem
682 4076 779 4137 Delph.
796 4074 861 4125 Soiu'
881 4076 961 4125 etiam
984 4076 1044 4137 Rip.
1073 4076 1155 4124 Civem

56 4136 115 4190 disc
127 4141 198 4192 Peri.
227 4139 281 4190 neu
299 4140 371 4190 istum
389 4141 463 4190 stoan
474 4141 578 4191 videtur
591 4141 681 4204 legisse
693 4141 822 4204 Eun-11
840 4141 887 4189 Est
898 4141 997 4190 omittit
1011 4140 1155 4189 Bona-12
