2678 4694
444 337 604 386 aaaron·
627 340 708 387 aar.
734 341 772 387 ιι.
798 341 848 388 sc.
874 344 896 389 ι.
1151 331 1216 396 819

119 478 215 544 Utin’
231 496 348 542 omnes
363 479 516 544 mulieres
529 481 646 545 eadam
662 502 758 567 aequo
775 485 939 563 studeant,
954 465 1128 572 nolintque
1144 509 1214 557 om·

254 582 335 644 nial
1107 638 1110 649 .
1126 649 1129 656 ,

116 681 240 764 Neque
265 682 466 747 declinatam
481 686 659 767 quicquam
674 687 718 750 ab
734 688 873 751 aliarum
888 690 1025 770 ingenio
1042 693 1145 756 ullam
1164 711 1213 756 re·

251 785 389 867 periast

116 884 240 970 ltaque
255 887 340 951 adeo
356 907 424 951 uno
440 888 549 953 animo
564 907 679 954 omnes
695 910 811 956 socrus
827 891 970 957 oderunt
984 912 1113 959 nurus:

115 986 215 1054 Viris
230 1008 305 1052 esso
319 989 489 1067 advorsae,
504 1011 599 1076 aequo
624 993 771 1058 studium
797 998 867 1075 est3
891 995 1010 1059 similis
1031 997 1213 1079 pertinacia

250 1097 324 1168 est3
1191 1104 1213 1165 5

114 1191 164 1269 ln
174 1191 356 1276 eademque
372 1213 487 1257 omnes
496 1194 579 1258 mihi
593 1194 745 1260 videntur
757 1196 839 1262 ludo
854 1196 963 1264 doctae
979 1200 1021 1263 ad
1038 1200 1212 1268 malitiam.

113 1293 160 1360 Ei
177 1294 269 1372 ludo,
284 1299 313 1360 si
327 1295 415 1360 nllus
431 1303 495 1373 est,
508 1298 701 1380 magistram
716 1300 800 1367 hano
813 1319 890 1364 essa
905 1301 990 1364 satis
1006 1309 1096 1366 carto
1111 1302 1196 1369 scio.

110 1511 168 1563 hc
177 1516 214 1560 ert
224 1511 289 1560 inter
297 1527 336 1561 ecs
346 1514 497 1576 conspiratio,
510 1519 533 1561 et
544 1511 728 1572 comederatiol
743 1519 770 1564 at
788 1515 825 1563 ha
841 1529 918 1564 omnes
936 1516 1027 1564 easdem
1040 1528 1079 1564 res
1089 1517 1172 1578 velint,
1189 1523 1213 1565 et

110 1577 221 1626 aaran
228 1576 320 1638 puriter
328 1578 455 1641 affectarem
471 1593 542 1640 oeque
552 1579 600 1626 ullo
608 1578 742 1626 inueniatur
749 1593 801 1641 quc
811 1580 931 1642 deflectat,
938 1585 961 1628 et
970 1581 1062 1629 recedat
1072 1579 1102 1628 ab
1111 1581 1212 1629 cliorsm

109 1645 219 1691 κίνει·
236 1643 293 1689 adro
301 1645 370 1692 caldo
380 1643 453 1691 rimili
467 1645 553 1698 auimo,
569 1657 645 1691 omnes
653 1649 761 1705 quotquot
770 1649 826 1692 runt
837 1659 915 1693 socrus
925 1645 977 1692 odio
987 1658 1061 1693 surm
1070 1659 1126 1693 suos
1135 1659 1211 1706 prose·

109 1711 233 1768 matur:
249 1706 308 1755 airu
324 1707 445 1756 udocrm
461 1707 547 1755 cimilia
561 1709 677 1766 uoluntas,
688 1713 712 1755 ct
723 1715 818 1756 aaaron
824 1724 834 1765 ‚·
850 1709 936 1758 similis
944 1709 1085 1772 peruicacia,
1095 1714 1119 1758 cl
1128 1708 1213 1758 meritis

109 1769 243 1819 Manen
252 1775 295 1819 est.
329 1771 360 1819 Ia
375 1774 455 1821 eadm
465 1772 542 1820 uma
552 1771 656 1821 arbitror
667 1772 720 1820 illas
732 1773 837 1821 rmddcs
847 1787 895 1822 esse
910 1774 942 1822 cd
952 1773 1148 1833 malefaciendum.
1182 1773 1211 1823 ln

109 1831 258 1896 herbis,
266 1836 288 1884 si
297 1849 396 1898 osquam
404 1852 432 1886 oo
439 1843 484 1898 est,
495 1837 636 1898 magiarum
644 1837 704 1886 isac
716 1836 847 1887 &stratura
857 1852 953 1888 uorem
963 1853 1037 1888 mcum
1053 1852 1103 1888 csso
1118 1837 1211 1888 minimo

111 2035 333 2083 utemextrema
342 2045 400 2093 pars
411 2031 535 2080 octonarii
547 2032 663 2093 lambini,
677 2033 729 2096 qui,
740 2032 841 2096 abjecto
852 2035 869 2082 d
880 2047 911 2082 ex
925 2035 995 2095 quod,
1008 2033 1074 2082 bene
1086 2033 1212 2095 procedit.

112 2092 167 2146 aa.
194 2095 241 2143 Sic
251 2103 279 2145 ot
294 2097 381 2145 nostri.
399 2096 472 2144 Beat.
492 2102 528 2144 est
540 2099 667 2158 posterius
681 2100 778 2146 omittit
789 2098 886 2160 Delph.
920 2098 1004 2146 Fidem
1014 2100 1158 2158 quodgenus
1169 2099 1211 2146 loc

109 2163 167 2209 att
182 2174 262 2221 acqua
278 2161 328 2208 lroec
345 2162 421 2209 Botlr.
446 2160 476 2209 Iu
494 2162 516 2209 B
538 2171 564 2210 at
582 2162 643 2210 Hel.
664 2169 687 2210 et
703 2178 763 2224 qnoe,
782 2176 828 2223 pro
846 2177 896 2223 qno
913 2161 961 2209 Bo.
978 2175 1064 2221 ecque,
1076 2175 1152 2208 unum
1164 2175 1211 2223 pro

110 2224 198 2273 altero
207 2225 461 2274 ualereaxistimans.
477 2225 589 2275 sednon
602 2234 653 2274 tam
667 2227 775 2288 quaestio
786 2232 827 2272 est
838 2226 871 2273 de
883 2224 1015 2288 utriusque
1024 2223 1211 2286 significatione
1311 2232 1313 2244 ¹

111 2289 219 2352 equali,
229 2303 303 2352 quarn
313 2289 346 2338 de
356 2303 398 2349 eo,
409 2295 493 2339 ntrrun
501 2304 589 2340 eorum
602 2289 736 2352 scripserit
744 2288 836 2339 Poeta.
854 2290 972 2339 Part-2
989 2288 1152 2338 Concitatius
1161 2295 1210 2346 est,

129 2353 331 2402 rtemadmodum
343 2354 438 2416 legitur
453 2354 479 2402 iu
497 2355 570 2403 Bam.
583 2362 609 2402 et
625 2355 696 2404 Viot.
713 2353 768 2404 utic
779 2369 866 2402 maaca.
884 2355 930 2402 Fa.
964 2353 1054 2402 Nostri
1069 2354 1111 2402 Ut.
1129 2354 1210 2416 Lege,

137 2422 190 2466 ree.
227 2417 287 2467 uae
304 2418 348 2466 hio
367 2417 459 2482 aequit
477 2419 628 2478 consistere,
653 2420 714 2483 quis
732 2418 848 2467 ultimam
867 2432 969 2481 semper
987 2417 1114 2480 producit.
1137 2418 1211 2469 Beat.

112 2480 185 2531 vetet
202 2488 291 2530 tamen
300 2483 381 2532 West.
397 2483 457 2544 Bip.
468 2483 539 2531 Perl.
552 2489 577 2532 ut
593 2484 687 2547 Delplr.
704 2483 735 2532 Z.
752 2483 801 2531 Bo.
819 2485 865 2534 Βι.
882 2484 909 2531 ιιι
926 2487 1000 2530 textu
1012 2482 1076 2533 GM.
1088 2483 1172 2544 uelint,
1184 2484 1210 2532 in

108 2560 202 2608 urps
210 2547 242 2594 sl.
253 2546 385 2594 nolint—4
402 2546 487 2608 ltaque
496 2561 541 2595 uuo
550 2547 630 2597 ocimo
646 2550 703 2597 adeo
714 2548 764 2596 duo
775 2547 839 2595 Mas.
849 2548 916 2612 apud
932 2547 1024 2608 noct,
1036 2561 1099 2595 uuus
1107 2549 1142 2595 itu
1153 2548 1211 2597 adeo

106 2610 267 2673 necuim
283 2611 351 2659 buno
363 2615 391 2659 et
401 2618 551 2673 sequentem
565 2626 653 2660 versus
666 2611 810 2674 transponit
822 2613 870 2661 Bo.
886 2613 1106 2672 transpositosque
1118 2611 1155 2660 alc
1174 2612 1210 2660 le·

104 2675 233 2740 ‘Q'sz'ric
248 2677 370 2724 advorsari
380 2689 444 2736 reque
454 2677 558 2727 madiam
567 2680 611 2731 est,
622 2676 708 2724 similis
717 2675 848 2737 pertinacia
858 2680 894 2723 est
900 2691 911 2732 ,·
925 2672 929 2739 Ι
945 2675 1076 2736 Itidemque
1085 2676 1142 2724 odeo
1152 2689 1209 2723 uuo·
1265 2726 1268 2730 Α

107 2741 268 2793 nim-m
277 2741 355 2788 animo
364 2754 445 2788 socrus
455 2742 555 2789 aderunt
564 2754 647 2788 narro.
680 2739 777 2788 ‘Hauc
785 2754 897 2799 versum,
908 2739 952 2803 qui
964 2746 1020 2787 toto
1034 2738 1100 2802 peda
1112 2737 1211 2802 deficit,

109 2805 285 2867 ubiquitate
304 2805 415 2863 laborat,
432 2812 460 2853 et
475 2805 546 2854 iilum
565 2804 688 2853 orationis
707 2804 882 2865 interrumpit,
898 2804 1012 2866 spurirrm
1033 2817 1089 2851 esse
1105 2817 1208 2852 censeo.

109 2869 254 2921 mucan
264 2870 362 2919 crimen
380 2867 485 2932 aliquod
502 2883 636 2918 commune
654 2868 757 2917 omnium
773 2868 897 2917 rodinum
916 2865 1070 2929 proferatur,
1087 2869 1152 2915 ruale
1168 2867 1209 2914 hic

107 2941 490 2998 repentesccusautursocrns..
520 2932 607 2996 Atque
624 2933 646 2981 si
663 2933 776 2982 omnium
792 2939 834 2982 est
844 2932 911 2981 idem
928 2930 1057 2992 studium,
1073 2932 1116 2994 qui
1129 2931 1169 2991 iit,
1181 2938 1209 2980 ut

109 3013 187 3048 mnas
202 3005 228 3046 et
248 3011 330 3048 socrus
345 3006 482 3061 tantopere
499 2998 568 3046 inter
585 3012 613 3046 se
630 2997 810 3059 discrepenti'
827 2995 869 3045 Ita
885 2998 966 3045 Zeun.
982 2995 1114 3045 abbreviat
1133 2995 1209 3043 Beni.

109 3062 249 3112 ‘Perinde
270 3072 320 3124 est,
336 3063 462 3127 quomodo
481 3063 548 3111 banc
568 3063 759 3125 amphiboliam,
775 3076 834 3125 quae
850 3061 952 3109 videtur
962 3074 977 3108 a
988 3059 1132 3123 conjunctis
1142 3073 1209 3121 essa,

111 3140 239 3189 expuam
256 3127 312 3175 sive
329 3143 407 3176 socrus
425 3142 504 3176 omues
521 3127 621 3190 iniquas
633 3141 690 3176 esse
702 3128 741 3190 (in
754 3125 853 3189 mirus),
871 3134 900 3174 nt
918 3125 987 3175 Sosi,
998 3127 1035 3173 uit
1046 3139 1083 3174 sc.
1095 3127 1120 3172 3.
1129 3128 1155 3172 d.
1167 3139 1208 3187 sq.

110 3192 168 3240 sive
180 3206 253 3240 auras
263 3207 341 3240 omues
351 3193 438 3242 odium
451 3206 545 3253 capere
556 3206 674 3240 socruum
685 3191 727 3256 (ut
740 3188 895 3254 iniquarum)
903 3190 1031 3254 quomodo
1041 3189 1138 3238 Laches
1148 3203 1208 3237 mox

111 3271 137 3306 rc
149 3259 193 3304 22.
205 3262 232 3304 at
241 3256 309 3305 Sosi.
326 3271 349 3306 v.
360 3262 400 3306 33.
411 3256 489 3304 verbo
502 3257 591 3305 utitur.
618 3257 698 3306 Nulla
707 3254 767 3304 inde
779 3262 821 3317 qst
832 3257 856 3303 in
868 3269 945 3303 seusu
956 3254 1120 3316 ambiguitas,
1133 3268 1208 3316 quam

109 3319 242 3368 inutiliter
251 3328 370 3384 querunt
381 3323 501 3369 Donatus
519 3322 550 3368 ad
571 3321 638 3369 hunc
658 3322 753 3380 locum,
770 3327 798 3368 et
817 3321 990 3384 Hieronymus
1007 3320 1130 3367 adversus
1147 3319 1207 3369 ιον.

110 3397 194 3454 ιιςιι.
208 3399 266 3448 pag.
280 3389 336 3433 191.
348 3392 376 3432 et
387 3385 412 3431 in
425 3385 553 3433 Micheam
564 3398 615 3433 vrr.
628 3401 687 3449 pag.
700 3384 781 3434 1550!
795 3385 894 3447 Bipoat.
927 3383 1099 3448 Ambiguitas,
1110 3382 1142 3431 de
1157 3397 1208 3446 qua

110 3449 192 3498 Beut.
212 3449 336 3513 queritur,
354 3462 456 3497 versum
475 3449 562 3497 reddit
580 3459 725 3504 venustam,
743 3449 832 3512 judice
852 3449 1011 3498 Perrh-45
1037 3448 1102 3498 Viris
1122 3446 1126 3509 Ι
1149 3447 1208 3494 Esse

109 3514 210 3576 Delph.
227 3513 334 3575 Rip—⁵
352 3512 384 3561 ln
399 3513 459 3561 airis
475 3528 487 3560 s
503 3512 635 3574 abjicitur,
651 3520 681 3560 ut
698 3521 750 3560 stet
768 3528 806 3560 vs·
827 3514 871 3561 Fu.
907 3512 1021 3562 Laborat
1039 3513 1081 3560 bic
1101 3523 1207 3570 versus;

110 3585 156 3627 srrt
168 3578 278 3640 primam
289 3578 314 3625 in
324 3579 435 3626 adunans
445 3578 561 3640 corripit,
573 3582 618 3624 aut
629 3576 766 3625 secundam
778 3575 804 3622 in
820 3575 901 3624 Viris:
919 3589 1024 3636 quorum
1041 3580 1161 3622 neutrum
1174 3588 1207 3622 ex

109 3657 200 3702 ποι-ος
219 3650 248 3691 et
258 3643 278 3690 si
291 3644 421 3705 posterius
438 3641 521 3704 eligis,
534 3649 617 3690 totum
628 3640 655 3688 in
665 3639 742 3688 Theai
753 3638 846 3688 latebit
863 3638 928 3688 Viris
936 3654 946 3695 ,·
961 3638 1030 3702 quod
1041 3647 1126 3686 tamen
1139 3651 1206 3699 prae-

109 3707 188 3770 cipue
199 3715 240 3755 est
251 3705 421 3759 efferendum.
455 3707 570 3769 Repone,
585 3705 650 3754 Viris
658 3705 780 3754 adversari
789 3719 855 3765 reque
864 3704 969 3752 studium
980 3708 1023 3752 est.
1056 3700 1128 3751 Infra
1140 3712 1170 3749 ιι.
1181 3706 1206 3750 3.

109 3774 152 3821 39.
170 3774 179 3800 ⁴
192 3771 252 3820 Non
266 3787 367 3833 possum
380 3771 510 3820 adversari
521 3769 602 3819 meis!
625 3775 654 3818 et
663 3783 703 3818 lv.
715 3773 740 3818 4.
752 3772 792 3817 32.
810 3772 817 3796 ¹
830 3767 919 3817 Reduc
930 3781 1046 3824 uxorem,
1058 3780 1088 3814 ac
1100 3765 1150 3812 noli
1162 3765 1205 3813 ad-

109 3836 211 3885 uersari
220 3836 298 3884 mihi!
330 3837 439 3884 Plautus
451 3837 510 3884 Cas.
522 3849 553 3886 ιι.
563 3839 588 3883 3.
599 3838 640 3882 33.
658 3834 691 3882 de
710 3847 789 3882 uxore
801 3839 829 3881 at
841 3833 895 3880 viro
907 3847 914 3879 ε
940 3835 948 3858 ‘
960 3831 1019 3880 Noli
1029 3832 1062 3878 sis
1074 3837 1100 3877 tu
1112 3829 1150 3877 illi
1160 3831 1207 3879 ad·

109 3900 227 3962 versari,'
244 3907 271 3949 et
282 3915 312 3950 ιι.
323 3904 347 3949 3.
359 3905 399 3949 35.
419 3901 491 3948 Beni.
507 3901 583 3963 AEquc
593 3898 667 3947 deest
678 3897 702 3945 in
714 3896 803 3948 Guelf.
811 3900 885 3946 3.-(ι
902 3897 990 3944 Eodem
999 3894 1057 3943 mibi
1067 3908 1144 3942 omnes
1155 3895 1205 3944 duo

110 3965 176 4016 Mu.
188 3980 205 4013 e
216 3966 298 4015 Boecl.
314 3980 380 4013 unus
391 3966 470 4014 eodem
483 3979 561 4014 omues
571 3965 682 4014 videatur
692 3962 760 4022 asili,
771 3962 820 4010 Bo.
839 3961 864 4009 in
878 3959 1026 4009 eodemmr'ln'
1037 3959 1146 4008 rideatur
1156 3975 1205 4008 om.

110 4045 161 4080 aes.
173 4030 236 4080 Hel.
246 4032 325 4079 eodem
337 4045 383 4092 pro
394 4031 572 4090 redemta-r
591 4030 624 4076 Et
635 4027 657 4077 ci
667 4028 720 4075 ludo
731 4039 818 4075 omnes
826 4025 893 4087 apud
906 4025 988 4073 Boecl.
1006 4022 1144 4073 Bembinns
1155 4039 1205 4072 non

110 4094 409 4157 habereoujunctionem
421 4095 464 4142 Et.
481 4094 525 4142 ua.
553 4094 642 4142 Nostri
655 4105 743 4141 omnes
756 4089 1048 4152 perperamfflteilnuo.
1076 4087 1126 4136 Sed
1135 4089 1204 4137 aliud

110 4160 154 4209 hle
171 4159 354 4223 quarendum:
373 4160 511 4214 Quorsum,
523 4172 618 4220 quaeso,
626 4158 683 4221 jam
693 4156 804 4215 dubitat,
814 4153 842 4202 Si
853 4156 912 4202 ullus
923 4159 959 4202 cst
969 4154 1054 4202 ludas?
1070 4168 1126 4202 curn
1139 4168 1204 4216 prae·

113 4224 225 4275 edente
236 4239 311 4274 versu
320 4223 409 4273 ludum
420 4222 499 4274 talem
509 4230 614 4284 estant
628 4228 717 4272 notum
733 4229 761 4271 et
775 4227 935 4284 compertum
944 4219 1104 4283 sumpsisset·
1137 4217 1203 4266 Haec
