2678 4694
374 337 612 387 vademortis
637 339 718 388 aar.
734 341 767 388 v.
784 333 844 390 so.
862 341 912 386 vr.
1124 317 1209 388 laza

112 479 183 545 Gir.
205 472 471 545 Familiariorem
491 450 627 564 ¹oportet
649 502 722 547 esse
748 483 847 561 hunc,
866 485 923 568 qui
948 482 1118 547 minitatur
1139 501 1210 545 ma·

244 581 323 644 lum.
468 578 472 583 ’

114 727 168 780 Gt.
186 730 329 790 Exsamilt‘a
339 736 420 780 aratra
431 732 492 781 irem
503 747 552 781 erre
564 738 663 796 eportet,
675 733 713 796 qui
725 732 821 784 uerbera
831 733 901 786 mittit
911 735 1013 783 intentat
1023 725 1071 804 tam
1079 731 1211 793 faett'iitn'·

573 876 750 896 OQM„

117 970 246 1022 hebeto.
286 970 439 1034 vapulabam
450 971 829 1044 Witquedt’orteiegeadrrm,
844 973 1005 1037 Vapuleurir.
1038 971 1152 1023 Patimur
1167 959 1240 1025 Va·‘

113 1038 173 1101 peta
184 1043 272 1086 tuetur
284 1049 315 1084 ex
328 1036 401 1086 Bem.
412 1036 439 1086 e't
450 1035 510 1086 Vrt.
541 1036 576 1086 Et
589 1038 692 1087 ridetur
703 1054 764 1088 rane
776 1037 818 1089 irie
831 1039 899 1088 iocur
911 1038 1058 1100 exscriptus
1075 1052 1108 1087 ex
1124 1036 1214 1088 Plauti

115 1101 247 1159 Asinaria,
258 1113 289 1149 rr.
300 1104 324 1149 t.
335 1104 377 1150 ta.
394 1102 457 1150 ‘Lm
468 1100 579 1163 vapula.
597 1102 652 1151 Ma.
665 1104 696 1152 ld
710 1104 812 1169 quidem
826 1104 873 1152 tibi
882 1104 970 1153 hercle
983 1101 1039 1165 flet,
1049 1104 1086 1153 Ut
1098 1104 1217 1167 reputer,

110 1167 299 1217 (Demaratum
310 1164 427 1227 rimulae
436 1179 597 1229 conspexero
614 1165 709 1216 hodie!
743 1169 861 1218 tiaratae
880 1183 911 1216 ex
931 1167 1027 1221 Codice
1040 1168 1142 1218 Veneto
1153 1183 1214 1218 eorr-

116 1230 190 1280 ttnao
204 1236 262 1293 pert
273 1230 339 1279 hane
351 1240 439 1279 rotem
448 1229 523 1292 legit,
533 1229 638 1279 curiatis
648 1233 743 1281 remeia
751 1237 797 1292 ert,
814 1234 853 1294 qai
864 1234 985 1283 mamam.
1020 1231 1126 1282 Diserte
1136 1232 1215 1283 etiam

116 1295 237 1354 tegamur
249 1296 275 1344 in
285 1294 339 1345 Ma.
350 1295 442 1360 aare.
454 1303 482 1343 et
498 1295 554 1345 EA.
565 1296 618 1345 ET.
631 1297 686 1346 EV.
701 1301 724 1344 1.
737 1295 799 1360 Arg.
813 1298 868 1346 EV.
879 1299 904 1346 2.
920 1297 978 1346 aiiis
988 1290 1094 1346 Murato
1104 1296 1216 1362 antiqni-

117 1359 222 1419 oribue3
239 1357 284 1406 red
305 1367 333 1407 et
348 1358 522 1419 Gambareiio,
538 1375 594 1423 quae
607 1360 684 1408 verba
696 1360 756 1408 dein
769 1361 859 1424 nuperi
871 1360 974 1423 quidam
986 1361 1099 1410 editores
1111 1375 1215 1410 revoca·

117 1430 189 1473 rrmt.
221 1423 372 1472 Franciacur
382 1422 515 1472 Fabricius
527 1425 580 1472 ita:
598 1425 740 1472 ‘Carminis
753 1424 877 1474 trochaici
889 1425 988 1475 ratione
999 1422 1065 1473 harre
1076 1425 1216 1476 tectionem

118 1488 233 1552 mnirari,
248 1488 369 1550 equidem
390 1502 476 1550 ereum
492 1486 581 1536 videre
593 1487 710 1540 confide!
742 1489 793 1538 Sed
805 1497 833 1538 et
844 1489 982 1539 Gereanm
994 1495 1021 1538 et
1031 1489 1142 1551 Bergine
1152 1491 1215 1541 reti·

119 1561 191 1602 nent.
224 1551 289 1601 Mihi
301 1554 327 1600 in
338 1552 407 1601 nulio
420 1552 471 1600 aiio
484 1552 673 1613 Mseinventa,
690 1553 735 1601 aed
748 1568 795 1604 nec
814 1554 839 1602 in
860 1553 915 1604 ΕΡ.
939 1553 1015 1605 Wert.
1047 1553 1079 1602 In
1096 1554 1170 1602 Bem.
1189 1559 1217 1603 et

118 1619 182 1667 Vat.
204 1624 245 1665 ert
263 1618 356 1679 vepria,
374 1631 422 1664 nec
441 1616 517 1664 aliter
540 1631 629 1665 versus
650 1625 746 1680 petert-
759 1626 846 1667 stare:
870 1617 936 1682 qnod
954 1631 1017 1667 rere
1035 1618 1161 1681 requitur,
1180 1619 1217 1667 ita

120 1683 146 1730 iu
164 1681 281 1730 omnibns
301 1681 374 1728 tibris
392 1680 533 1741 ordinatur,
550 1681 576 1729 id
593 1682 685 1747 quidem
702 1683 763 1732 tibi.-
788 1696 876 1732 verme
895 1691 981 1732 autem
998 1683 1046 1732 ime
1066 1681 1142 1731 modo
1162 1696 1217 1732 rur·

119 1742 275 1804 tentabitur,
292 1752 322 1793 ut
333 1745 374 1793 vei
386 1744 475 1792 eiirod
493 1761 525 1792 ex
544 1746 579 1804 id,
599 1748 624 1793 in
635 1747 747 1794 secunda
758 1747 820 1796 sede
833 1749 866 1796 tit
878 1754 1043 1810 anapaeetus;
1061 1747 1113 1807 vel,
1125 1747 1173 1811 fiet
1190 1746 1218 1796 in

120 1826 198 1858 unam
210 1809 335 1872 syllabam
346 1817 488 1861 contracto.
505 1812 540 1856 sit
552 1810 576 1858 in
588 1820 680 1872 quarta
691 1813 829 1873 spondeus.
849 1812 893 1861 Fa.
928 1812 1018 1862 Nostri
1037 1826 1126 1860 omnes
1141 1813 1217 1876 Vapu-

118 1875 196 1929 labia,·
213 1877 358 1935 perperim.
393 1874 554 1922 t'estarottm
572 1876 677 1936 legebat
695 1876 737 1926 hie
758 1877 858 1940 Vapulat.
892 1877 1013 1926 Ceterum
1032 1879 1170 1940 postquam
1190 1877 1218 1925 in

119 1946 224 1988 textum
241 1951 270 1985 ee
288 1938 411 1987 intulerat
432 1939 565 2000 Varatedie,
582 1940 678 1988 nebulo
691 1942 782 2004 aiiqrrir
797 1943 831 1998 ad
850 1955 951 1991 vetrum
971 1941 1150 2004 supplendum,
1170 1942 1218 1991 hoe

119 2003 218 2054 bellum
231 2001 358 2050 emblema
370 2002 480 2058 addidit,
497 2005 602 2052 Ceriaiir
613 2007 709 2054 remeia
720 2012 764 2064 ert,
780 2007 821 2067 φα·
837 2021 874 2055 me
889 2011 974 2063 aaran
990 2007 1059 2069 quod
1071 2014 1099 2054 et
1110 2007 1136 2053 in
1149 2020 1219 2054 cem·

120 2066 238 2131 pruritus
249 2066 403 2115 editionibua
418 2067 494 2115 hodie
505 2069 605 2118 visitur.
640 2071 694 2116 Noe
707 2070 733 2116 irr
743 2070 843 2118 dnobrrr
855 2072 959 2125 nertrir,
974 2071 1020 2117 red
1033 2069 1218 2119 recentioribus

120 2131 279 2181 invenimus:
297 2133 411 2193 spurium
425 2139 510 2179 tamen
522 2146 577 2180 erae
591 2133 631 2179 vei
643 2132 705 2179 iilud
719 2133 826 2192 evincit,
846 2133 913 2194 qnod
925 2142 994 2181 rtere
1006 2133 1108 2181 hicnon
1121 2138 1220 2194 petest,

120 2197 171 2244 rrisi
187 2196 258 2256 legar
273 2195 416 2258 thairir:
431 2209 491 2243 eum
504 2203 590 2243 tamen
601 2203 763 2257 compertum
771 2197 826 2258 jam
838 2197 881 2254 sit,
898 2195 1035 2258 legendum
1047 2210 1104 2245 erre
1120 2196 1219 2257 Vrprda.

100 2267 101 2271 ’
122 2263 159 2310 Ut
169 2274 202 2308 ne
213 2260 315 2318 addam,
331 2260 380 2307 nisi
390 2262 476 2307 rtatim
490 2268 549 2319 poet
560 2259 650 2321 Vaprda
662 2260 769 2314 imeras,
783 2261 812 2308 Id
831 2260 876 2308 tibi
888 2263 943 2322 jam
956 2259 1013 2325 stet,
1025 2261 1072 2309 hoe
1083 2269 1126 2320 ert
1141 2262 1219 2322 Vaptr·

122 2327 182 2387 iare,
196 2325 352 2378 senteutiam
365 2325 390 2371 irr
402 2338 525 2387 responsa
537 2325 630 2371 nuliam
643 2322 707 2374 iore.
725 2325 797 2375 Beer.
831 2325 1059 2386 Restitutorpiarre
1073 2332 1126 2375 tres
1138 2338 1219 2375 verte.

123 2392 221 2448 damus,
239 2390 281 2452 qui
295 2389 318 2436 in
331 2389 446 2436 omnibus
459 2388 517 2436 edd.
531 2389 648 2447 lacerati,
664 2400 691 2436 et
704 2391 778 2450 vulgo
791 2390 865 2437 hodie
877 2390 913 2437 sic
923 2390 1058 2452 leguntur:
1086 2392 1119 2439 G.
1131 2390 1221 2451 Pergie

123 2455 206 2502 hercle.
225 2468 342 2516 numquam
354 2458 378 2500 itt
391 2454 443 2501 odio
453 2457 492 2500 trm
503 2467 539 2501 me
549 2453 634 2501 rimer.
668 2453 701 2502 A.
723 2455 779 2502 Nmt
790 2452 887 2504 manee?
921 2455 954 2504 G.
977 2453 1109 2516 Vaprdabr'r.
1125 2455 1222 2503 curialia

122 2519 218 2578 vernula
229 2522 273 2578 eet,
290 2518 330 2580 qai
339 2532 374 2564 me
385 2522 458 2570 vocat.
494 2517 525 2567 A.
543 2518 574 2566 ld
584 2518 735 2581 qrrt'demjam
747 2519 854 2582 tibifiet,
865 2518 913 2573 nisi
924 2519 1023 2572 resistis,
1031 2519 1134 2569 verbere.
1167 2517 1221 2585 Sed

123 2594 150 2630 v.
161 2588 183 2631 l.
195 2583 298 2630 excedit
309 2583 374 2642 pede
387 2582 544 2630 troeiiairum
557 2589 640 2631 oeten.
653 2584 729 2631 catat.
739 2590 765 2630 et
776 2583 851 2630 Bam.
863 2582 941 2633 habet
951 2587 1030 2645 pergit
1040 2598 1048 2637 ,-
1060 2591 1088 2630 et
1098 2583 1134 2631 eie
1144 2583 1223 2644 pieri·

124 2659 174 2710 que
186 2661 228 2708 ap.
241 2647 328 2694 Bentl.
340 2654 368 2694 et
381 2653 465 2694 tamen
479 2645 566 2694 Fedrn.
579 2647 645 2694 maie
658 2647 741 2695 edidit
756 2647 848 2709 juncte
870 2647 956 2707 Pergis
970 2644 1064 2694 hercle?
1079 2647 1146 2694 Tum
1158 2657 1185 2694 v.
1197 2650 1222 2696 Ξ.

124 2713 199 2760 Bem.
212 2718 239 2759 et
248 2712 308 2758 Vat.
321 2724 377 2758 eum
391 2711 478 2768 Ferte,
490 2711 516 2758 in
528 2718 595 2759 nott.
603 2711 657 2773 jam
669 2710 780 2768 laudato,
793 2712 881 2770 legtmt
892 2713 986 2770 raptem,
998 2707 1065 2770 quod
1074 2709 1160 2757 verius
1172 2715 1221 2761 ert.

124 2776 194 2824 Hinc
207 2775 293 2823 Bentl.
306 2774 442 2821 novissime
454 2774 571 2823 adhibito
582 2775 695 2822 remedio
709 2788 787 2823 verse.
797 2773 938 2820 instruxit:
973 2772 1007 2820 G.
1022 2772 1131 2834 Pergin?
1144 2772 1224 2822 ⁴tercia

122 2838 561 2900 nmquamitrdierdiatumeeimer.
595 2838 626 2886 A.
645 2834 810 2886 Nmrmtrmr?
844 2837 877 2885 G.
902 2836 1001 2898 VaprIa.
1033 2836 1065 2885 A.
1082 2837 1113 2884 Id
1131 2839 1223 2901 quidem

122 2902 288 2962 tidijamfiet,
304 2901 352 2946 mxi
358 2902 452 2968 ¹rarietir
461 2902 565 2947 vertero.
600 2903 630 2947 In
640 2903 721 2960 primo
734 2916 779 2948 suo
792 2915 865 2948 versu
878 2901 902 2949 id
916 2899 1075 2959 multabat,
1091 2908 1223 2952 ut‘vocetn

123 2967 194 3016 hodie
205 2965 366 3024 absumptam
384 2962 437 3010 odia
457 2963 608 3024 restituerit,
623 2966 736 3013 ‘atterum
756 2964 789 3012 ad
809 2966 919 3029 optimos
939 2963 1021 3014 Codd.
1041 2965 1067 3014 in
1079 2965 1171 3028 quibua
1184 2972 1225 3016 ert

123 3033 199 3080 Bem.
212 3035 238 3078 et
250 3028 311 3076 Vat.
323 3028 466 3090 mtrttaaqrre
478 3026 538 3077 edd.
552 3037 605 3076 vet.
617 3031 750 3092 exegerit3
767 3028 812 3077 sed
825 3028 906 3085 rerba
922 3028 1036 3078 curiatis.
1080 3036 1156 3092 rorat,
1166 3039 1196 3080 rrt
1209 3044 1224 3080 a

125 3095 253 3144 nebulone
267 3093 350 3156 aliquo
363 3092 445 3152 iliata,
455 3092 591 3154 expungit,
607 3095 676 3158 (quae
689 3094 780 3142 eadem
790 3093 868 3143 rerba
883 3095 938 3156 jam
953 3093 1014 3141 oiim
1026 3094 1111 3144 omitit
1121 3095 1224 3146 Erarm.

124 3161 152 3208 in
165 3160 205 3207 ed.
217 3173 262 3206 sua
274 3155 370 3220 princ.)
402 3157 516 3206 Tantum
528 3159 684 3216 veroabett,
701 3166 730 3207 ut
741 3159 850 3207 insititia
860 3159 913 3207 sint
925 3159 1014 3217 verba,
1029 3166 1060 3208 ut
1071 3159 1157 3223 patim
1167 3160 1224 3212 ioco

126 3231 197 3272 mota
208 3237 253 3270 mo
264 3223 352 3269 haberi
364 3221 484 3273 debeant.
518 3221 603 3286 Atque
622 3237 653 3272 ea
664 3223 763 3272 invenit
774 3225 842 3273 Mur.
860 3224 884 3271 in
898 3222 962 3272 eod,
973 3223 1039 3271 Ven.
1052 3234 1110 3286 port
1122 3239 1225 3275 versum

125 3290 238 3349 Vareia.
249 3323 255 3335 .
266 3320 272 3334 .
284 3287 397 3342 derbem,-
412 3286 541 3349 quomodo
552 3297 579 3335 et
597 3289 653 3338 aiiae
666 3289 758 3350 priscae
771 3289 830 3338 edd.
850 3288 875 3336 in
887 3288 1139 3352 iisqrreTerv.1481.
1157 3291 1226 3341 vm.

127 3357 201 3402 1492.
219 3359 246 3400 et
262 3358 349 3399 nostra
360 3349 422 3406 Ara.
440 3353 512 3399 1499.
524 3351 628 3401 habent.
659 3354 800 3416 'Nequeiis
813 3353 915 3403 omnino
929 3353 1039 3402 sublatis
1057 3361 1106 3418 ert,
1123 3367 1174 3419 qtro
1184 3367 1226 3403 re·-

126 3416 197 3465 t'eras
208 3414 392 3476 familiariorem
404 3429 426 3460 v.
439 3418 478 3464 12.
511 3415 604 3478 Itaque
622 3433 655 3465 ea
673 3419 700 3466 in
719 3421 802 3466 iocum
815 3432 886 3466 mum
898 3432 1065 3478 revocamen
1082 3418 1226 3466 endemaie

128 3482 287 3529 exciderant.
320 3479 381 3528 Seii.
392 3479 419 3525 irr
436 3480 519 3541 primo
536 3493 611 3526 verm
623 3481 741 3528 librarius
751 3497 768 3528 a
780 3495 842 3528 voce
855 3482 967 3529 secunda
978 3481 1063 3539 terete,
1080 3481 1226 3530 desciscent

129 3546 161 3594 ad
175 3545 284 3594 alterum
297 3545 380 3604 tercie,
398 3543 464 3604 quod
474 3542 574 3592 decimo
587 3558 661 3591 versu
675 3542 786 3601 redibat,
799 3544 879 3591 verbe
889 3544 987 3592 curialia
997 3577 1003 3591 .
1013 3577 1020 3592 .
1030 3579 1036 3593 .
1047 3549 1113 3592 rarat
1123 3547 1225 3610 omirit3

129 3625 188 3673 qum
201 3609 255 3658 visa
267 3624 324 3657 cam
336 3616 467 3658 corrector
478 3607 504 3654 in
516 3608 631 3672 margine
644 3597 836 3669 ddscripriseeQ
851 3607 911 3656 dein
924 3606 1008 3655 aiieno
1019 3608 1076 3658 ioco
1087 3607 1115 3656 in
1126 3616 1227 3659 textum

129 3677 232 3736 ingesta
242 3682 310 3722 srmt.
338 3674 489 3735 Repetimm
499 3686 560 3720 vero
572 3686 661 3720 vocem
674 3672 946 3736 tercie,jrmgimrreqrre
958 3686 1142 3785 aqtknmrqrmm
1151 3673 1228 3737 hodie,

130 3754 186 3802 qum
197 3746 224 3786 et
232 3738 612 3802 aliasconjrmctaiegrrntnr,rrt
620 3749 661 3799 ap.
670 3745 784 3786 nostram
790 3736 840 3786 Ad.
849 3741 919 3786 rm.
928 3739 986 3784 12⁴
1022 3751 1132 3801 unquam
1140 3739 1228 3788 herote

129 3804 504 3865 hedieegoirtttceommittam
515 3801 579 3851 riht·
603 3800 810 3864 Aiiaspraeterea
819 3801 931 3850 rationes
939 3800 1036 3850 ordinis
1045 3815 1228 3852 verruttmnot-

131 3869 166 3915 tri
178 3866 254 3916 facite
262 3867 383 3929 colligent
393 3866 478 3928 petiti.
492 3867 547 3930 trip.
557 3866 762 3928 rrbiiegitnrsic:
781 3867 814 3915 G.
828 3867 928 3929 Pergit:¹
945 3865 1124 3915 increratam
1131 3864 1228 3918 vernula

130 3938 175 3992 eet,
206 3932 232 3979 tri
250 3947 286 3980 me
304 3938 385 3979 cocat:
400 3930 403 3993 Ι
420 3929 507 3979 Hercle
525 3945 641 3994 nunquam
659 3931 727 3979 irate
737 3931 790 3979 adio
801 3936 841 3979 tam
852 3944 888 3978 me
898 3931 982 3980 ritate.
997 3930 1001 3993 Ι
1016 3928 1047 3979 Α.
1066 3930 1122 3979 Nea
1133 3939 1229 3983 maneri

130 3999 167 4047 G.
183 3948 281 4058 Aepulo.
298 3995 374 4043 Both.
386 3996 439 4043 odio
449 4009 485 4042 me
496 3995 572 4046 rimer
582 3995 658 4044 indie.
674 3995 744 4044 Peri.
755 3997 846 4056 napata.
862 3995 908 4043 Br.
921 3995 984 4044 GM.
995 3994 1123 4058 vapulabit.
1140 3995 1227 4047 Gnert.

131 4067 156 4110 3.
176 4062 203 4110 rti
219 4060 405 4109 restiterit—ll
426 4059 488 4109 Mes.
506 4068 533 4109 et
549 4060 612 4110 editi
632 4060 744 4108 nonnulii
765 4060 924 4109 Familiarem.
940 4057 1023 4110 Wer‘t.
1038 4059 1102 4109 Mox
1120 4064 1161 4124 mai
1176 4074 1226 4110 non

131 4127 212 4173 estin
224 4126 274 4174 ulio
286 4139 318 4174 ex
338 4123 449 4186 antiquis
466 4121 554 4174 iibrir:
572 4139 655 4189 neque
674 4124 700 4173 id
719 4137 807 4172 verme
824 4123 946 4173 admittit.
965 4123 1010 4174 Fa.
1044 4124 1128 4174 Etiam
1148 4126 1228 4174 nostri

131 4191 251 4254 plerique
262 4188 380 4240 nesciunt
391 4187 453 4236 iliad
473 4189 521 4252 qni.
537 4189 615 4239 Bent.
651 4188 843 4241 wttmimar.
876 4187 901 4238 A
921 4187 956 4238 d.
977 4196 1004 4239 et
1022 4188 1153 4255 imprerrir
1171 4190 1227 4254 qni·
