2692 4688
403 307 640 409 ruouuroruq
663 309 746 357 nou.
771 311 795 358 1.
818 311 870 360 sc.
894 313 949 360 ur.
1149 300 1225 370 &29

341 587 345 593 ⁴
425 601 578 669 ACTUS
604 604 632 668 I.
676 605 833 672 SCENA
857 606 927 674 ΙΙΙ.

431 881 433 885 7
467 826 649 874 ANTlPHO.
683 828 874 877 PHAEDRiA.

122 955 193 1021 AN.
217 957 447 1032 Auson'rcm
466 959 606 1038 redisse,
623 970 660 1025 nt
685 964 742 1046 qui
764 964 846 1028 mihi
871 966 1063 1029 consultum
1085 974 1221 1051 optume

254 1061 433 1137 volitasse,

121 1160 291 1239 Phaedria,
304 1167 433 1244 patrem
449 1168 488 1227 ut
502 1161 739 1244 extimescam,
763 1167 820 1237 ubi
845 1169 882 1232 in
907 1178 1055 1235 mentem
1068 1169 1146 1254 cjns
1161 1170 1221 1241 ad-

254 1265 346 1328 venti
361 1263 471 1328 venit‘l

121 1361 224 1438 Quod
240 1363 275 1527 nsi
297 1364 433 1430 fuissem
455 1366 654 1449 incogitaus,
677 1368 727 1432 ita
746 1389 823 1435 eam
842 1380 1068 1456 expectarem,
1093 1379 1131 1435 ut
1156 1391 1218 1454 par

271 1466 329 1530 uit.

124 1700 129 1705 ,
154 1645 209 1694 Au.
229 1648 294 1696 Eone
304 1647 406 1697 miserie
416 1650 507 1710 deceni,
516 1655 543 1698 ut
552 1614 836 1710 ‘commemorantum
846 1658 947 1714 patrem,
958 1653 999 1715 qui
1007 1652 1085 1701 censio
1095 1651 1152 1700 losa
1163 1651 1221 1701 milri

122 1711 196 1772 cepit,
206 1711 247 1758 nli
257 1714 287 1758 rie
303 1711 352 1771 eires
362 1714 465 1761 conentur
473 1711 573 1774 cogito!
605 1715 674 1768 Qum
683 1714 836 1772 nisisniesem
845 1716 980 1778 inspeciem
995 1721 1019 1765 et
1036 1715 1221 1772 inconsiderans,

121 1776 158 1823 ite
175 1789 228 1824 enm
242 1775 326 1837 capide
340 1781 495 1841 expectarem,
510 1783 539 1827 at
553 1792 645 1840 aquam
659 1784 683 1826 et
700 1779 836 1829 maceriem
845 1781 908 1838 seit.
938 1779 995 1830 Pa.
1013 1780 1079 1837 Quia
1094 1780 1157 1828 mtnrl
1172 1783 1224 1828 est?

586 1951 765 1972 noeentum

154 2084 208 2134 Hic
220 2088 293 2132 notat
304 2084 363 2148 Bip.
379 2085 388 2112 ⁴
400 2086 498 2134 Contra
510 2100 611 2136 omnem
622 2087 724 2137 artificii
733 2087 838 2147 scenici,
846 2088 954 2150 ejusque
964 2083 1115 2134 'terentiani
1126 2085 1221 2134 intelli-

122 2149 250 2213 gentiam,
260 2148 373 2197 editores
382 2149 445 2198 iude
456 2157 528 2199 certe
539 2151 572 2199 ab
583 2153 690 2200 Ernsmc
701 2151 766 2200 duas
780 2151 878 2213 priores
888 2152 986 2199 Saenas
996 2149 1071 2210 hujus
1083 2148 1163 2196 Actus
1176 2149 1221 2197 atl-

122 2211 190 2262 tinnt
207 2210 287 2260 Aclui
305 2225 324 2260 r.
342 2219 370 2261 et
385 2213 527 2262 secundum
539 2215 641 2263 demum
653 2214 799 2274 ordiuntur,
809 2214 853 2262 nbi
865 2213 940 2262 nobis
951 2212 1035 2261 Actus
1047 2225 1090 2260 nr.
1109 2211 1221 2262 initium.

121 2277 179 2326 Nos
188 2275 318 2340 sequimur
329 2289 384 2325 rem
395 2277 478 2339 ipsam
490 2285 519 2326 et
529 2278 595 2326 Don.
607 2278 652 2340 qni
663 2277 758 2327 edicit:
775 2279 782 2304 ‘
796 2278 899 2326 Primus
909 2277 990 2326 Actus
1002 2282 1041 2325 est
1053 2275 1079 2323 in
1092 2276 1220 2339 colloquio

120 2339 191 2389 Davi
202 2346 231 2389 et
248 2339 335 2402 Gelae,
349 2355 397 2402 per
408 2356 472 2405 quos
484 2341 568 2390 discet
580 2341 691 2405 populus
708 2356 737 2390 ar
774 2349 898 2390 mentum.
931 2339 1042 2390 Secundi
1052 2339 1134 2388 Actus
1145 2347 1222 2389 tenor

120 2405 239 2453 continet
251 2404 389 2452 adventum
400 2405 475 2453 Senis
487 2404 673 2468 turbulentum,
685 2412 713 2454 et
724 2406 841 2469 ejusdam
857 2405 974 2468 jurgium
985 2403 1109 2453 adversus
1126 2404 1221 2452 Galam

121 2475 151 2517 et
164 2466 327 2516 Phaedriam)
361 2467 400 2516 Ac
415 2482 477 2517 sane
493 2470 548 2532 jam
568 2470 651 2518 Scene
670 2475 712 2518 est
729 2484 811 2519 vacua
827 2470 960 2532 utriusque
978 2468 1098 2517 discessu.
1130 2469 1222 2516 Scenae

120 2545 185 2580 vero
194 2546 250 2594 sqq.
261 2530 299 2580 ita
309 2531 457 2595 conjuncte.
467 2541 528 2582 sunt
540 2533 690 2583 turbulento
701 2533 814 2583 adventu
828 2534 911 2592 Senis,
922 2540 951 2580 ut
967 2533 1037 2580 nullo
1048 2531 1117 2580 inter
1127 2532 1184 2581 illas
1194 2538 1221 2580 et

120 2595 191 2644 linnc
209 2595 344 2643 intervallo
362 2597 434 2644 locus
454 2597 505 2656 sit;
530 2596 598 2660 quod
610 2597 733 2660 cujusque
744 2596 800 2645 licis
813 2595 925 2645 docebit.
958 2597 1166 2656 Nostraquoqne
1179 2594 1221 2643 ed.

121 2665 197 2707 retus
209 2673 268 2706 cnm
279 2657 340 2770 flag.
358 2667 430 2709 recte
449 2661 483 2710 ab
502 2661 551 2708 hac
567 2661 651 2709 Scene
668 2658 764 2708 Actum
777 2674 808 2711 rr.
824 2659 933 2708 orditur.
967 2659 1044 2706 Bent.
1058 2659 1120 2705 talia
1132 2657 1221 2709 videre

120 2737 173 2771 non
184 2723 268 2783 solen
283 2736 310 2770 ss
340 2723 471 2780 miramur,
484 2723 551 2786 quod
564 2723 628 2772 Dae.
639 2725 687 2772 hcc
704 2738 754 2772 non
772 2721 885 2772 viderit!
925 2722 956 2770 In
968 2721 1045 2770 Both.
1057 2736 1161 2783 quoque
1177 2722 1220 2771 hic

120 2794 165 2836 est
175 2784 236 2836 Act.
248 2799 279 2834 n.
299 2787 426 2837 Sc.1.-2
445 2788 543 2836 Putrem
559 2793 587 2835 ut
603 2788 763 2837 extimescens
796 2787 838 2836 lta
849 2786 965 2850 plerique
976 2786 1041 2834 Mss.
1052 2791 1079 2833 et
1096 2785 1159 2834 editi
1178 2800 1221 2835 ro-

120 2857 203 2902 tcres.
235 2849 297 2910 Alii,
311 2855 405 2913 petrem
422 2851 599 2900 extimescam
617 2851 694 2901 Quod
706 2852 840 2900 revocavit
857 2850 927 2913 Guy.
945 2855 973 2898 ct
990 2855 1118 2910 pcsteurn
1129 2863 1220 2899 recen-

119 2916 201 2969 tiores
210 2914 323 2978 qnidam,
335 2914 443 2973 scilicet,
455 2915 516 2978 quia
525 2928 601 2964 versu
611 2919 635 2963 1.
646 2912 676 2962 ri
688 2915 695 2940 ‘
705 2912 749 2963 ut’
762 2915 816 2977 jnrn
825 2914 950 2976 scriptum
962 2911 1056 2973 fuerat,
1067 2927 1116 2961 nec
1128 2914 1220 2974 agnos-

120 2978 362 3029 cerevidetnrDc.
393 2978 481 3027 AMs.
500 2978 726 3053 Witt.utrurnque
742 2983 770 3026 ut
786 2978 869 3026 abest.
903 2975 1028 3025 Defendit
1041 2978 1163 3027 tamesi.
1176 2979 1220 3025 Fr.

120 3045 239 3092 lsrcncv.
251 3040 283 3090 ad
298 3043 384 3091 Plaut.
395 3043 492 3091 Bacch.
504 3055 543 3091 ιν.
554 3047 579 3090 6.
590 3045 630 3090 18.
664 3041 730 3090 Vide
740 3056 817 3104 porro
829 3043 884 3104 ejus
894 3042 976 3090 Notas
987 3040 1019 3088 ad
1029 3040 1085 3088 Lis.
1097 3048 1169 3089 xxii.
1179 3045 1219 3089 11.

120 3113 150 3173 et
162 3120 268 3155 xxvnr.
279 3109 305 3154 9.
348 3106 406 3155 Hoc
419 3114 470 3168 est,
480 3107 547 3171 quod
558 3106 621 3158 Jcri
631 3104 737 3155 dicunt:
756 3106 836 3154 Pater
866 3105 1013 3155 resumitur
1021 3104 1147 3164 optimum
1159 3119 1220 3153 con·

120 3171 207 3220 silium
219 3183 313 3231 capere
325 3184 371 3232 pro
381 3170 468 3219 liberis
480 3170 540 3219 suis.
574 3171 637 3219 Mas.
654 3169 731 3219 Bodl.
748 3167 782 3218 G.
801 3175 829 3218 et
876 3169 945 3218 anth.
961 3183 1018 3218 cum
1030 3167 1086 3216 ΕΡ.
1095 3171 1219 3218 adventas.

120 3234 156 3283 Et
168 3234 233 3282 citat
243 3233 391 3282 Priscianus
403 3235 491 3284 Instit.
504 3247 534 3283 vr
555 3240 583 3284 st
594 3233 763 3283 acredinem
774 3233 919 3296 genitivum
930 3233 1062 3296 antiquum
1074 3247 1122 3295 pro
1140 3234 1220 3282 nomi-

120 3297 210 3346 nativo
220 3297 346 3360 usurpari.
367 3299 443 3347 West.
477 3299 517 3346 Ex
528 3298 707 3361 multisilirris,
718 3298 796 3347 etiam
809 3298 1004 3362 antiquissimis,
1021 3303 1048 3346 et
1067 3298 1119 3347 Dc.
1132 3297 1220 3360 logen-

120 3362 183 3410 dnm
194 3367 246 3420 est,
252 3367 345 3423 putrem
355 3363 551 3417 utentimrscam,
562 3362 628 3412 licat
645 3351 713 3425 aiod
731 3363 793 3410 ‘nt’
810 3362 951 3424 pracedat
968 3362 1015 3411 Fa.
1052 3361 1169 3411 Phaedria
1176 3375 1220 3423 po·

120 3425 387 3485 remotissimam,
396 3425 437 3472 nbi
453 3427 479 3474 in
496 3430 595 3475 mentem
611 3417 776 3496 enuntiaverit
786 3427 858 3475 oeno.
890 3426 932 3475 Sic
943 3426 1155 3484 codicesncstri;
1172 3425 1220 3472 nisi

141 3489 193 3536 uod
204 3489 319 3538 moeniae
328 3488 450 3536 habeant.
482 3486 519 3536 At
538 3489 594 3537 Dc.
611 3489 717 3549 adventi,
736 3496 763 3538 et
784 3490 932 3538 Priscianus
944 3489 993 3550 bis,
1004 3504 1031 3552 p.
1041 3493 1098 3539 712.
1108 3494 1135 3536 et
1147 3491 1219 3536 lltll.

120 3504 174 3602 gad
187 3553 256 3616 apud
266 3553 428 3602 Prisciannm
441 3550 516 3600 aliter
527 3551 607 3599 rerba
617 3552 787 3610 collocantur,
798 3552 835 3599 ira
847 3561 876 3599 ut
884 3553 1043 3601 octonarium
1060 3549 1220 3613 plenumi'a-

120 3616 203 3673 siant,
214 3616 329 3666 Pleume
336 3622 429 3679 patres
445 3621 472 3664 ut
479 3614 642 3674 extimescam,
650 3615 690 3663 ubi
700 3614 750 3675 mos
760 3615 855 3663 maenti
865 3613 931 3663 senil
940 3614 966 3662 in
977 3619 1084 3663 nmmum.
1117 3615 1217 3663 Recte:

121 3680 162 3729 sic
174 3678 226 3729 duo
238 3680 309 3742 pleni
321 3688 405 3739 eruut,
415 3688 441 3728 et
453 3680 546 3729 tertius
561 3676 751 3728 estaretncus:
775 3685 805 3726 ut
814 3693 874 3726 mox
885 3678 979 3727 iterum
990 3686 1097 3741 quartus
1109 3683 1136 3726 et
1142 3678 1219 3741 'qnin-

121 3750 165 3795 tus
177 3744 246 3806 pleni
257 3750 327 3807 sunt,
336 3750 425 3793 sextus
437 3743 620 3793 Catalecticus.
636 3743 710 3792 Bent.
744 3744 864 3792 Adventus
875 3743 921 3792 Br.
940 3741 1048 3790 Bothius
1059 3741 1164 3790 ordinat
1174 3743 1221 3790 Pa·
1312 3794 1314 3798 ³

120 3813 192 3867 trem,
201 3808 325 3870 Phaedria,
335 3813 364 3857 eet
374 3809 533 3868 extimescam,
543 3807 585 3856 stri
595 3807 644 3868 qus
654 3806 749 3856 canenti
760 3806 824 3855 senil
835 3807 861 3855 in
872 3800 992 3856 mentem?
1024 3805 1032 3832 ‘
1044 3806 1096 3866 Me.
1105 3806 1167 3854 Par.
1176 3807 1218 3854 uri-

119 3877 215 3920 centus.
247 3871 312 3920 GM.
324 3879 444 3921 nentrum
456 3873 534 3921 habet
546 3887 595 3920 ”ec
604 3871 700 3920 adventi
711 3885 758 3919 nec
769 3870 898 3919 adventus!
922 3869 994 3918 Peri.
1033 3866 1125 3918 ‘Vera
1143 3869 1219 3918 codri.

121 3945 149 3986 et
164 3937 195 3984 R.
207 3936 329 3985 adrentus.
346 3935 412 3984 Vide
424 3936 552 3984 Priscian.
565 3935 608 3984 lib.
621 3933 665 3984 vr!
682 3934 756 3984 Lino.
787 3935 888 3983 Patrem
896 3934 1055 3982 extimarem.
1072 3933 1139 3996 Guy.
1149 3932 1220 3982 delet
1301 3938 1305 3943 '

121 3999 278 4061 particulam
288 4003 325 4060 ut,
334 3998 437 4062 quando
444 3999 501 4060 jam
513 4000 589 4049 adest
600 4012 676 4048 versu
685 3997 798 4061 praeced.
810 3998 879 4061 qnod
892 3997 924 4046 ab
933 4011 964 4046 eo
975 3995 1072 4045 facturus
1083 4003 1181 4047 temere
1193 4006 1220 4047 et

121 4063 263 4126 imperite:
280 4077 345 4127 'nam
357 4075 426 4126 saepe
442 4063 503 4112 ‘ut'
522 4069 581 4124 post
591 4061 709 4126 quadam
720 4061 916 4122 interpositam<
928 4059 1069 4110 abundanti
1081 4062 1219 4125 repetitur.

123 4128 157 4177 R.
173 4129 204 4175 D.
246 4127 277 4174 In
296 4131 397 4177 mentem
413 4141 489 4176 numa
505 4127 554 4188 mres
571 4129 687 4187 uirentem
701 4125 764 4175 mnit
780 4125 868 4176 Gueli.
886 4121 1032 4184 a-sAlii
1049 4126 1219 4189 conjungunt,

189 4206 275 4269 Delplr.
288 4212 311 4255 et
323 4207 379 4257 Ver.
389 4209 454 4258 Clas.
624 4208 717 4259 Terent.
1095 4212 1110 4256 8
1128 4207 1153 4256 Ν
