2678 4694
366 296 537 345 nunucrrr
564 299 648 347 scr.
676 300 851 351 v.sc.11.
1104 297 1169 361 505

66 433 188 499 Mitte:
213 436 244 500 si
261 437 361 502 aliam
377 438 543 504 admisero
558 461 719 525 unquam,
734 443 893 510 occidito.

64 534 132 597 ΤΗ.
162 536 258 601 Num
270 557 381 604 meam
397 541 565 608 saevitiam
578 544 734 610 veritusl
771 545 837 612 Cr.
852 546 943 614 Non.
981 550 1051 616 ΤΗ.
1074 550 1168 632 Quid

194 638 320 720 igitur?
1127 656 1170 722 15

66 737 131 802 (ΣΗ.
164 738 268 804 Hanc
283 743 399 821 metui,
413 763 456 808 ne
471 764 526 811 ma
541 744 769 813 criminaretur
783 749 855 813 tibi.

62 838 131 901 ΤΗ.
156 837 252 917 Quid
268 841 422 908 fecerasl
469 845 537 910 CH.
558 845 740 914 Paululum
761 850 933 934 quiddam.
978 853 1049 920 Pr.
1073 855 1148 930 Eho
1157 858 1168 929 l

195 943 382 1024 paululum,
399 947 603 1031 impudensl

63 1043 119 1107 An
134 1046 276 1126 paulum
290 1045 356 1111 hoc
371 1067 448 1112 esse
463 1050 524 1114 tibi
539 1050 679 1129 videtur,
695 1053 857 1136 virginem

62 1144 199 1211 Vitiare
215 1147 349 1213 civeml
395 1150 463 1215 Cir·
487 1150 692 1217 Conservam
708 1173 783 1218 esse
799 1155 936 1221 credidi.

61 1327 106 1375 tibi
118 1327 198 1388 fore?
231 1330 284 1379 Cn.
304 1331 384 1381 Unum
402 1333 445 1382 ior
461 1334 572 1384 delictum
589 1335 649 1383 milti
663 1335 774 1385 remitte:
790 1337 812 1386 si
827 1336 892 1386 aliud
912 1352 1013 1401 aequem
1033 1339 1168 1390 manem

60 1393 143 1454 ullum,
153 1393 259 1457 interfici
275 1395 380 1454 majole.
413 1398 465 1446 ΤΗ.
484 1399 551 1446 Nam
566 1414 642 1447 nreorn
651 1400 765 1448 daritiam
776 1405 800 1449 et
810 1401 975 1451 crudelitatem
986 1403 1099 1464 timuisti,
1111 1408 1169 1455 adeo

60 1462 86 1505 rrt
99 1457 221 1518 sugeres?
253 1459 306 1508 Cn.
324 1461 389 1509 Nun.
422 1463 475 1511 ΤΗ.
495 1463 560 1519 Quid
577 1463 672 1524 igitur?
704 1464 757 1515 011.
776 1465 855 1514 Timui
874 1481 904 1514 ne
918 1466 967 1514 ieta
984 1468 1113 1531 (Pythias)
1129 1476 1169 1520 md

59 1526 182 1571 accusaret
199 1525 262 1585 apud
273 1529 306 1573 te.
336 1525 391 1573 ΤΗ.
409 1526 487 1581 Quom
503 1528 598 1588 culpam
609 1527 723 1588 feceras?
755 1528 809 1578 Cn.
827 1530 913 1578 Lenem
933 1532 1049 1591 quandam
1068 1534 1167 1594 culpam.

60 1585 116 1634 ΡΗ.
137 1586 189 1634 Elio
200 1587 281 1643 lenem,
292 1587 433 1651 inpudens?
448 1591 489 1640 Aa
507 1592 580 1640 koem
599 1606 649 1640 esee
667 1594 760 1655 culpans
777 1593 889 1655 aetianae,
906 1593 997 1654 uirgini
1016 1594 1064 1643 c'nri
1082 1596 1168 1645 sitiens

59 1649 158 1714 afferre.
192 1651 246 1701 (211.
265 1653 407 1703 Gnrseraam
422 1669 498 1704 meam
514 1656 666 1718 coropalati.
701 1658 752 1707 Pr.
771 1658 913 1707 Conservam
920 1658 1029 1720 putasti?
1049 1659 1097 1709 Via
1108 1660 1168 1709 milri

525 1791 539 1811 θ
542 1791 645 1812 omno
648 1791 705 1812 eno

58 1875 170 1928 Parcus.
203 1878 319 1928 Praestat
339 1886 425 1928 tamen
445 1880 591 1931 haddanum.
625 1882 732 1931 Noxiam
755 1882 842 1931 estin
865 1881 949 1942 libris,
971 1881 1040 1945 qnod
1061 1883 1165 1947 quidem

59 1942 151 2002 sciam,
172 1943 309 1992 omnibus:
338 1944 389 1993 nisi
410 1946 478 2009 quud
504 1946 657 1994 Franciscus
685 1947 803 1995 Floridus
827 1946 939 1995 Sabinus
958 1946 983 1994 iu
1013 1946 1166 2005 defensioue

58 2020 106 2068 pro
129 2007 274 2056 Laurentio
298 2008 374 2057 Valla
403 2011 528 2058 adversus
547 2009 679 2059 Andream
709 2009 840 2059 Alciatum
868 2011 931 2072 legit
955 2024 1050 2061 noxam.
1098 2013 1166 2063 Vide

58 2070 197 2134 Opuscula
216 2072 249 2120 de
272 2073 415 2122 Latinitate
432 2074 558 2124 JCtorum
580 2082 708 2135 veterum,
725 2090 758 2124 ex
777 2075 928 2123 recensione
950 2075 1038 2123 Caroli
1050 2075 1165 2127 Andreae

56 2133 172 2199 Dukeri,
189 2150 250 2200 pag.
268 2140 308 2185 ll.
340 2137 392 2186 Sed
412 2146 441 2187 et
458 2138 484 2186 in
502 2139 553 2188 Ma.
581 2140 655 2202 Lips.
672 2146 713 2187 est
730 2153 826 2188 noxam.
844 2138 927 2188 West.
965 2137 1107 2201 Abiturum]
1135 2141 1165 2190 ln

57 2199 158 2264 aliquot
176 2201 290 2264 antiquis
302 2216 375 2250 exem
396 2201 502 2264 laribus,
521 2203 590 2252 inter
601 2218 659 2267 quae
676 2209 718 2251 est
735 2209 761 2251 et
775 2202 936 2260 Bembinum,
955 2202 1052 2266 legitur
1069 2202 1166 2253 inlitu-

56 2278 125 2314 nrm:
143 2279 203 2328 qua
221 2266 324 2314 minime
342 2217 423 2316 (inflia
439 2273 482 2316 est
501 2268 588 2316 lectio.
607 2268 651 2317 Fa.
685 2267 776 2316 Nostri
793 2266 909 2331 plerique
925 2265 1071 2316 doliturum.
1086 2268 1166 2318 Bent.

56 2327 89 2376 ln
109 2329 263 2393 quibusdam
279 2329 341 2379 libb.
357 2331 453 2394 legitur
469 2337 494 2380 te
509 2333 602 2394 irnpane
620 2331 776 2380 habiturum:
802 2331 847 2379 sed
860 2338 932 2380 recte
950 2331 1046 2381 dicitur
1062 2333 1165 2395 impune.

56 2391 151 2442 natae.
164 2393 199 2442 R.
209 2393 242 2442 D.
275 2395 346 2443 Male
370 2394 488 2444 Alciatus
504 2411 598 2446 noxam.
619 2397 679 2459 Bip.
704 2396 809 2444 Nonium
828 2396 879 2446 Ma.
897 2395 1019 2458 [sc-Bu]
1044 2411 1060 2444 a
1079 2412 1119 2459 pr.
1132 2412 1169 2447 ru.

56 2457 218 2507 Bruma—ld
229 2458 314 2520 Mitte,
324 2459 346 2506 si
356 2460 428 2509 aliam
437 2475 539 2523 unquam
548 2462 663 2509 admisero
671 2461 753 2521 ullam,
763 2459 874 2521 occidito]
894 2459 971 2508 Hauc
983 2462 1044 2510 lect·
1056 2461 1082 2508 in
1094 2462 1165 2510 nullo

57 2522 73 2568 l.
84 2537 106 2568 s.
118 2521 232 2571 invenio.
265 2523 317 2572 Sed
335 2523 401 2573 hanc
414 2539 472 2588 quae
482 2526 600 2589 seqnitur
611 2525 637 2573 in
650 2526 788 2588 plerisque,
806 2525 907 2586 Amitte,
920 2525 941 2572 ri
959 2525 1031 2573 aliam
1048 2526 1165 2574 admirere

56 2599 171 2649 samm,
189 2587 304 2636 occidito:
328 2602 386 2652 quae
406 2594 435 2637 et
454 2590 558 2652 elegans
570 2597 612 2638 est
623 2589 777 2652 compositio
788 2596 816 2637 et
827 2589 914 2637 versui
927 2589 1026 2650 optimc
1038 2590 1167 2655 serviens,

58 2651 105 2698 Fa.
139 2650 232 2699 Nostri
244 2666 346 2716 quoque
358 2653 458 2704 Amittc.
474 2654 554 2703 Bent.
583 2654 705 2702 Meliores
714 2653 775 2703 edd.
786 2660 858 2701 recte
869 2652 965 2701 habent
976 2654 1077 2702 admitte.
1096 2650 1175 2707 linet·

58 2715 169 2764 Variant
189 2716 256 2764 Mss.
274 2722 303 2765 et
321 2716 390 2766 Edd.
408 2718 492 2779 Mitte,
512 2717 615 2778 Amitte¹
635 2718 748 2778 Dimitte,
771 2718 870 2766 Omitte.
903 2719 992 2766 Metro
1010 2718 1165 2768 adversatur

57 2780 141 2828 Mitte.
175 2779 301 2828 Placeret
322 2781 404 2844 magis
421 2783 448 2829 in
467 2783 516 2830 hac
536 2782 711 2830 inconstantia
730 2782 845 2830 Remitte.
880 2780 922 2828 ΑΙ.
935 2789 994 2843 post
1012 2782 1165 2845 ‘uuquam’

57 2844 183 2907 ingerunt
193 2846 266 2893 wara
277 2852 368 2894 contra
379 2845 456 2894 codd.
482 2846 542 2909 Bip.
559 2845 651 2894 Amitte
663 2845 707 2894 Br.
724 2844 793 2908 quud
813 2845 924 2907 positum
936 2852 975 2893 est
988 2859 1034 2905 pro
1045 2846 1164 2908 Admitte,

57 2910 97 2957 nti
108 2923 143 2958 ex
154 2908 275 2973 sequenti
285 2910 385 2958 anieno
398 2925 445 2973 pro
462 2912 578 2960 admisero
594 2911 692 2958 clarum
705 2917 754 2959 est.
778 2909 868 2958 Brans.
887 2908 980 2957 Amitte
989 2908 1066 2958 Bent.
1083 2909 1165 2961 Both.

57 2973 120 3035 Bip.
132 2973 204 3022 Perl.
239 2973 438 3024 omittam-15
458 2977 522 3024 Num
538 2989 614 3023 meam
629 2974 747 3023 scentiam
764 2974 853 3022 neritus
863 2970 917 3036 esi]
936 2972 1045 3037 Aliquot
1063 2973 1163 3037 antiqui

57 3038 126 3099 libri,
139 3045 168 3086 et
180 3039 208 3086 in
219 3037 249 3086 iis
261 3038 413 3100 Bembinus,
425 3040 485 3088 item
497 3040 627 3100 Donatus,
644 3054 694 3087 non
705 3039 803 3087 habent
813 3053 845 3087 es.
877 3038 909 3086 ln
922 3037 987 3085 libro
999 3036 1100 3101 scripto
1111 3039 1164 3088 Do·

59 3102 114 3150 nati
125 3103 222 3164 legitur
237 3102 362 3159 canitiem,
383 3104 450 3166 quod
467 3104 549 3166 magis
569 3104 703 3167 antiquum
716 3103 829 3151 videtur.
848 3103 895 3151 Fa.
928 3102 1015 3150 Etiam
1037 3103 1164 3153 anostris
1195 3148 1198 3156 .

58 3167 190 3230 plerisque
203 3165 280 3215 abest
290 3182 322 3216 ee.
348 3168 399 3216 Sed
412 3168 474 3232 quid
485 3169 570 3218 versui
580 3167 644 3217 liet?
663 3169 731 3218 Nam
739 3167 833 3216 Faiimi
847 3168 912 3222 Qui'd
921 3168 961 3215 vel
972 3165 1027 3214 saio
1038 3166 1165 3217 dissoluta

57 3245 178 3280 narrsearn
196 3231 323 3281 excitant.
356 3233 404 3280 Vir
415 3234 507 3282 ductus
524 3234 550 3281 in
571 3239 671 3281 textum
688 3232 784 3295 recipit
803 3247 837 3280 es.
870 3233 910 3279 Tu
928 3231 994 3279 hanc
1015 3233 1164 3294 corrigendi

58 3297 125 3344 viam
143 3295 250 3345 insiste:
278 3296 346 3344 Num
362 3296 689 3347 meamsoeuitiomueritrr'rl
706 3298 771 3346 Non.
805 3293 881 3345 Non?
904 3291 1068 3358 quidigitur?
1083 3297 1164 3345 Bent.

58 3375 133 3422 quem
154 3360 272 3424 sequitur
290 3361 367 3408 Both.
387 3363 435 3410 nisi
455 3361 524 3424 quod
547 3361 592 3411 dat
608 3362 706 3422 ceritas,
725 3375 776 3409 non
797 3358 911 3409 oeritu's:
934 3360 1001 3423 quod
1022 3359 1069 3407 dat
1088 3361 1162 3409 Perl.

62 3424 446 3488 VeritnsesBip.Delplr.-17.
463 3429 495 3475 18
513 3426 570 3475 Nisi
587 3427 658 3486 legas
674 3427 779 3488 paulum,
792 3439 882 3472 versus
900 3438 951 3471 non
970 3429 1083 3473 constat.
1118 3426 1163 3472 Er.

59 3489 185 3538 Paululum
195 3490 314 3552 quiddam.
348 3490 401 3538 Eleo
409 3492 531 3554 paululum
539 3490 661 3553 impudens
667 3491 689 3553 l]
706 3492 741 3539 Et
753 3489 891 3552 utrobique
902 3489 927 3536 in
939 3489 988 3537 hoc
1001 3502 1086 3548 versu,
1096 3496 1124 3537 et
1136 3488 1162 3536 in

58 3554 177 3618 sequenti
195 3554 331 3616 legendum
345 3556 442 3617 paulum
453 3570 487 3604 ex
500 3555 638 3617 Bembina,
653 3569 792 3616 versusque
805 3554 913 3602 ratione.
929 3553 976 3601 Fa.
1009 3553 1095 3601 Recte
1103 3567 1162 3614 pou-

59 3619 120 3677 lant‚·
137 3618 215 3668 etsie
226 3632 291 3666 unus
304 3634 336 3666 ex
356 3620 458 3668 uostris.
492 3619 628 3668 Praeterea
647 3635 693 3683 pro
711 3619 831 3682 quiddam,
842 3618 1001 3666 Chartaceus
1013 3616 1096 3664 codex
1108 3617 1161 3678 qai-

58 3684 117 3733 dem.
145 3684 264 3746 Repone,
275 3683 458 3741 Quiustcerasr
475 3683 578 3732 Paulum
588 3684 652 3747 qaid.
681 3684 732 3732 Elio
741 3684 844 3746 paulam,
855 3679 996 3744 impudens?
1010 3679 1069 3728 Jam
1077 3680 1162 3743 vides,

58 3761 103 3795 cur
118 3748 218 3810 paulam
233 3754 310 3796 acuat
321 3749 551 3812 ultimam‚·nempe
570 3748 602 3797 ob
615 3748 770 3797 Encliticnm
782 3747 839 3810 quid
846 3762 856 3803 ,·
872 3754 902 3795 ut
915 3746 1009 3794 Graece
1027 3742 1115 3807 Murpdu
1127 3763 1161 3796 rr.

60 3811 130 3863 Bent.
166 3813 296 3860 Paululum
308 3811 342 3861 G.
354 3813 415 3861 EM.
436 3814 510 3862 West.
544 3813 610 3861 Post
628 3813 731 3860 Paulam
747 3812 858 3874 quiddam
870 3811 986 3874 sequitur
998 3808 1023 3854 in
1036 3808 1125 3858 Guelf.
1136 3815 1161 3858 3.

61 3890 146 3926 versus
158 3880 200 3926 15.
216 3877 285 3925 Peri.
318 3876 381 3938 Elio,
391 3875 444 3940 lfa]
468 3877 535 3927 Edu.
546 3878 627 3926 West.
647 3884 675 3926 et
696 3877 789 3925 Zeunii
801 3876 918 3924 tribuunt
936 3873 1037 3931 Tlraidi,
1049 3873 1160 3923 fortasse
1266 3877 1268 3881 '

60 3955 89 3988 ex
100 3955 239 4004 operarum
251 3954 349 3990 errore.
365 3942 456 3991 Brans.
483 3941 545 4006 Ipse
555 3941 669 3990 correxit
679 3940 874 3990 Westerhuvius
885 3938 910 3986 in
920 3938 1030 3988 Erratis.
1056 3939 1161 3987 Paulum

60 4005 120 4056 dant
131 4013 173 4056 ter
184 4005 263 4054 Both.
274 4004 346 4053 Peri.
364 4006 489 4054 Paululam
497 4005 543 4055 dat
553 4011 592 4054 ter
604 4005 699 4068 Delph.
710 4011 738 4054 et
750 4004 909 4067 proliacense
920 4002 1026 4050 exhibet
1044 4017 1094 4050 esse
1108 4003 1160 4051 ior.

60 4076 120 4120 -19
141 4070 235 4121 Vitiare
245 4069 337 4118 ciuem?
355 4069 495 4132 Conservam
506 4085 555 4122 esse
565 4069 664 4119 credidi.
700 4067 870 4129 Conseroaml]
886 4067 967 4116 Vides
981 4067 1160 4116 conseruare-in

61 4135 215 4200 repetitione
239 4134 340 4184 uariare
353 4142 512 4188 ⁴succentum:
539 4136 608 4200 quod
626 4147 753 4198 nusquam
775 4131 845 4198 apud
863 4132 988 4182 Nostrmn
1008 4131 1066 4182 lieri
1084 4133 1159 4182 solet.
