2678 4694
337 336 376 382 rr
400 324 649 386 rtronnrounu
676 336 883 395 rnouoous.
1090 322 1156 396 917
1185 379 1189 385 .

58 470 117 549 ιΒο
130 480 186 546 illo
197 479 270 563 jam
285 478 383 544 finem
397 479 518 545 faciam
533 481 670 546 dicundi
686 483 779 562 mihi,

58 582 232 648 Peccandi
249 601 325 646 oum
340 579 468 665 ipse'de
482 601 519 646 se
532 581 628 647 finem
644 603 710 648 non
723 585 816 650 facit.
1163 637 1164 640 ,

58 683 164 749 Nunc
179 682 260 766 quid
275 683 386 760 velim,
400 684 546 748 animum
562 685 732 750 attendite.
775 685 929 773 Apporto
940 711 1072 775 noram,
1108 694 1153 760 25

58 776 365 870 Epidicazomenon
378 804 476 868 quarn
494 793 619 851 vocant
632 789 836 854 comoediam

61 887 187 965 Graeci,
202 888 314 968 Latini
329 886 564 953 Phormionem
579 890 766 971 nominant3

59 979 168 1066 Quia,
182 990 307 1071 primas
322 989 380 1072 qui
395 997 506 1072 partes
521 996 609 1074 aget,
624 993 654 1056 ie
669 993 733 1057 erit
748 992 904 1059 Phormio

59 1090 248 1167 Parasitus,
262 1109 322 1173 per
336 1110 436 1173 quem
449 1110 502 1155 res
519 1098 633 1175 agetur
647 1114 815 1159 maxume.

55 1275 172 1335 quantem
181 1273 295 1336 adiperem
301 1273 414 1336 pertinet,
424 1273 560 1324 maledicere
567 1289 613 1323 nan
623 1276 730 1325 dmmtnt.
754 1277 826 1325 Nune
836 1291 888 1340 qcoe
898 1275 969 1325 talea
976 1276 1040 1326 rodis
1049 1276 1154 1336 dicenda,

56 1336 258 1396 menadneria'm
273 1353 356 1386 nocam
376 1339 520 1388 comediam
536 1339 600 1387 aab&
616 1339 722 1401 exhibeo,
742 1342 884 1390 nominatam
899 1357 914 1389 a
935 1342 1026 1390 Gracia
1043 1343 1154 1404 Epidion·

56 1415 171 1450 armenon
177 1417 187 1460 ς
207 1417 223 1450 a
242 1403 339 1451 latim
357 1403 531 1451 Phormionem.
572 1404 690 1458 Quoniam
708 1405 792 1467 prienen
811 1411 892 1467 parter
915 1413 984 1454 munt
1007 1405 1156 1455 Phormionie

59 1465 170 1515 Parasiti
176 1483 186 1525 ,-
201 1465 267 1527 capno
277 1482 347 1530 opera
355 1468 472 1530 precipue
482 1482 520 1516 ree
530 1473 622 1530 adar.
656 1466 685 1516 Si
698 1469 776 1517 studio
791 1473 814 1518 et
832 1470 988 1519 benevolentia
1004 1474 1082 1519 nestra
1092 1470 1155 1519 Po'e'·

516 1610 698 1632 mm

57 1715 187 1765 relidam:
202 1731 277 1781 quern
290 1723 318 1766 et·
329 1732 473 1783 sequemur.
491 1718 537 1767 Fa.
572 1718 639 1774 Quod
649 1718 679 1767 ab
690 1719 731 1767 illo
748 1718 885 1779 adlatuncst,
894 1717 920 1766 id
935 1717 982 1766 ridi
992 1732 1040 1767 crae
1056 1719 1156 1768 relatum

54 1783 135 1844 pratel.
168 1781 246 1830 Sica
268 1782 386 1832 Fairno:
408 1782 450 1845 qni
473 1782 498 1830 id
522 1783 609 1832 multis
632 1786 695 1846 agit,
716 1790 746 1833 ut
769 1783 882 1846 pejorem
907 1783 1043 1832 lectionem
1066 1783 1154 1845 eligat.

59 1844 160 1894 Fraudi
171 1845 196 1893 ei
207 1844 265 1906 fuir,
275 1848 343 1910 quod
360 1847 493 1897 nesciebat
512 1851 520 1876 ⁴
533 1847 665 1896 rellatum’
683 1848 791 1910 primam
812 1847 965 1910 producere,
977 1855 1007 1896 ut
1026 1850 1034 1876 ‘
1047 1847 1155 1896 reddat>

59 1908 135 1958 tum!
168 1911 237 1973 Lege
256 1925 289 1959 ex
308 1913 401 1961 nostris
421 1911 545 1974 plurimis,
558 1913 626 1968 Quod
644 1913 674 1961 ab
691 1912 1029 1972 neminemneminer
1045 1913 1156 1961 rellatum

54 1977 135 2036 putet.
152 1973 229 2024 Bent.
257 1975 299 2024 lta
316 1976 426 2024 etPerl.
454 1977 499 2026 Br.
513 1978 582 2034 Quod
592 1979 690 2026 allatum
700 1977 787 2039 adipso
798 1983 843 2038 eat,
854 1977 889 2025 tte·
904 1977 1098 2026 eaeeidrelatum
1111 1991 1156 2040 pa-

58 2041 104 2087 tet.
135 2037 215 2086 Both.
233 2039 264 2094 Q.
275 2040 305 2088 ab
323 2041 365 2089 illo
381 2041 485 2090 adlatum
496 2046 541 2102 eat,
562 2043 669 2090 rellatum
687 2042 772 2090 ereeid
789 2041 834 2088 aidi
849 2055 874 2102 p.
903 2040 960 2104 Bip.
973 2041 1043 2096 Quod
1060 2040 1090 2088 alr
1108 2041 1157 2090 illo.

57 2104 126 2150 -ssl
144 2101 197 2152 Hic
209 2104 323 2166 mojam,
334 2110 385 2153 tam
402 2107 576 2167 reponendum
594 2114 669 2167 putat
681 2106 756 2154 Bent.
773 2111 800 2151 et
811 2104 874 2152 illud
885 2119 932 2152 non
944 2105 969 2152 in
981 2104 1097 2167 sequenti
1110 2104 1155 2152 de-

59 2163 354 2229 lendum‚1nutatosaeit
365 2170 489 2229 injecerit.
522 2170 630 2219 Botlrius
644 2170 707 2231 legit
721 2170 760 2217 De
770 2168 811 2215 illo
822 2183 884 2216 nram.
911 2168 982 2215 Peri.
996 2169 1036 2216 De
1045 2168 1085 2214 iilo
1096 2174 1155 2216 tum.

58 2234 127 2280 —24
145 2231 236 2281 Mallet
247 2232 315 2296 Gay.
326 2233 365 2297 qui
376 2237 440 2295 ipre:
457 2234 478 2281 si
490 2233 550 2296 qnid
568 2234 757 2295 adliciendum,
769 2232 883 2294 legerim,
893 2246 960 2294 quern
976 2231 1034 2293 ipre,
1045 2231 1155 2280 subaudi

56 2292 176 2345 ‘finem'
210 2297 283 2346 Dixit
293 2307 377 2346 autern
389 2301 418 2344 de
433 2313 466 2356 ee,
479 2312 535 2361 pro,
546 2296 579 2345 de
591 2311 637 2345 sara
656 2306 739 2360 parte,
750 2296 816 2360 qnod
830 2296 861 2343 ad
874 2311 902 2344 ee
918 2295 1028 2356 attinet3
1046 2297 1086 2344 vel
1100 2310 1157 2358 pro,

59 2359 142 2410 ultro.
174 2362 289 2410 Doctiss.
301 2361 364 2411 Abr.
381 2363 532 2424 Wielingius
549 2361 773 2423 interrogationem
791 2359 861 2421 facit,
874 2367 902 2408 nt
914 2374 1003 2410 sensus
1020 2361 1083 2422 sit‚‘
1095 2361 1156 2410 Non

58 2419 157 2473 faciam
178 2423 263 2488 finem,
282 2441 339 2475 cunr
358 2427 413 2488 ipse
431 2423 506 2474 linear
523 2440 574 2475 non
593 2424 682 2474 fuciti'
703 2426 780 2475 Weet.
814 2424 875 2474 Hel.
888 2425 951 2474 GM.
962 2424 1051 2486 faciat.
1084 2425 1157 2475 Perl.

50 2487 132 2552 fluor
141 2489 303 2549 fecerit-26
320 2491 538 2553 Epidicazomenon.
571 2490 613 2539 lta
629 2489 725 2540 diserte
743 2497 784 2539 est
794 2489 821 2537 in
833 2489 896 2539 Mss.
917 2489 1030 2552 quinque
1047 2489 1157 2538 tetren-

59 2550 143 2613 aibur,
154 2555 229 2603 Bodl.
245 2555 280 2604 G.
291 2555 336 2602 Tr.
344 2557 396 2604 Me.
405 2556 476 2617 Lips.
495 2561 521 2603 et
532 2554 626 2603 Boend.
653 2554 752 2619 Dpnati
770 2554 908 2602 lectionem
920 2552 1156 2616 [Epidicazomenen]

59 2616 172 2680 praefert
189 2620 227 2668 Μ.
244 2626 271 2668 et
291 2620 348 2668 EV.
365 2623 387 2667 l.
415 2618 511 2676 Quidni
530 2633 590 2667 vero
609 2618 755 2678 Terentius,
774 2618 872 2681 virique
892 2618 990 2666 nobiles
1009 2619 1156 2666 Terentium

59 2680 211 2744 adjurantes
222 2684 346 2732 sciverint
359 2697 447 2732 verum
460 2683 561 2731 titulum
575 2682 689 2738 Fabul-e,
700 2696 776 2746 quam
789 2680 924 2730 vertebant
935 2696 968 2729 ex
980 2679 1157 2743 Apollodoro?

59 2746 111 2795 Est
129 2747 209 2808 igitur
227 2748 269 2796 hic
287 2746 402 2809 Antiplro
414 2744 623 2808 Ἐπιδικαζόμενος,
634 2747 660 2794 lr.
673 2759 696 2794 e.
707 2746 740 2794 de
761 2761 812 2809 quo
833 2746 858 2794 in
870 2745 971 2808 judicio
989 2745 1158 2795 contenditur

58 2809 132 2860 inter
142 2811 329 2874 Demiphonem
349 2818 459 2874 patrem,
471 2818 498 2859 et
510 2811 630 2873 puellam,
642 2810 784 2859 Chremetis
794 2808 882 2858 filiam.
916 2809 1019 2858 Dicitur
1031 2818 1116 2859 autem
1129 2817 1157 2859 et

58 2873 114 2923 alia
123 2873 273 2938 Apollodori
285 2874 364 2924 fuisse
382 2875 522 2937 Comoedia,
533 2871 721 2935 Ἐπιδικαζομένη
740 2874 821 2934 dicta,
834 2872 940 2922 subaudi
958 2872 1077 2937 παρθένος,
1088 2875 1158 2937 ejus·

60 2939 121 2987 dem
133 2936 189 2988 fere
200 2940 352 3003 argrrrneati.
386 2940 454 3004 Gay.
466 2941 491 2987 in
505 2940 595 3001 glossis
607 2940 711 2987 ineditis
722 2940 769 3001 ait,
779 2938 862 2986 videri
874 2937 923 2986 sibi
937 2937 1005 2987 huuc
1017 2938 1157 3000 Prologuur

60 3016 114 3052 non
127 3018 184 3052 esee
195 3005 320 3054 Terentii.
354 3004 431 3054 Quod
451 3005 554 3053 minime
566 3004 712 3067 aruspicatus
725 3001 775 3052 fuit
787 3003 916 3062 Donatus,
927 3001 1001 3064 cujus
1019 3002 1157 3050 admodum
1182 3004 1183 3011 ’

58 3067 173 3131 diligens
187 3069 212 3117 in
231 3084 261 3118 eo
277 3067 430 3132 exponendo
450 3076 492 3117 est
509 3068 643 3117 industria.
663 3070 736 3117 Wert.
769 3067 955 3128 Reponendum
975 3073 1064 3115 monet
1079 3066 1158 3116 Bent.

30 3126 32 3133 ’
60 3132 283 3194 Epidicazomenen.
316 3132 418 3182 Probat
430 3133 565 3183 Ruhnken.
597 3133 658 3182 ‘An
676 3139 746 3181 recte
762 3130 990 3180 Bent.aDo.sibi
1008 3130 1159 3194 persuaderi

59 3211 163 3308 Hastae.
180 3205 209 3246 ut
230 3197 320 3246 ederet
342 3198 566 3260 Epidicazomenenl
581 3198 650 3260 quod
666 3197 722 3259 jarn
741 3196 799 3246 Ev.
812 3199 837 3245 l.
854 3202 994 3260 nostraque
1015 3209 1073 3244 cunr
1095 3193 1158 3259 figg.
1184 3207 1190 3214 ⁴

79 3260 170 3309 abent.
203 3261 257 3310 Nos
277 3267 348 3310 certe
367 3263 566 3311 metamaucum
583 3263 639 3325 ipso
657 3263 717 3312 Ter.
734 3275 810 3326 quem
828 3274 926 3310 errasse
938 3261 975 3309 ait
986 3261 1035 3310 Do.
1047 3258 1088 3308 rel
1099 3270 1158 3320 curn

59 3325 131 3374 illius
143 3325 288 3374 melioribus
300 3325 376 3375 codd.
388 3333 415 3374 et
435 3325 494 3375 edd.
510 3341 608 3389 errare,
624 3335 652 3376 et
663 3327 785 3388 retinere,
801 3325 870 3389 quod
882 3324 1012 3388 vulgatum
1029 3323 1089 3375 est!
1100 3325 1159 3389 Bip.

61 3393 128 3438 -rt
146 3389 269 3439 Mandane
281 3390 335 3438 sine
347 3389 423 3438 dubio
435 3391 476 3438 iric
485 3391 568 3451 latet3
586 3392 654 3454 quod
662 3393 717 3453 jam
730 3398 756 3440 et
767 3391 889 3446 eruimus.
900 3399 927 3439 et
938 3391 1062 3441 eluemus.
1086 3389 1159 3437 Unus

61 3467 96 3502 ex
109 3452 252 3503 Maedianis
265 3453 347 3502 Greci
365 3453 451 3501 latim
464 3469 472 3506 ,·
487 3465 515 3502 at
530 3456 715 3504 vetustissimae
727 3462 814 3503 noster
827 3457 911 3503 Graece
922 3455 1017 3503 Latine.
1052 3455 1159 3515 Repoue

62 3518 257 3579 Groece,1.atine
274 3519 312 3567 iric
324 3517 489 3567 Plronnionem
499 3533 523 3565 n.
557 3521 564 3545 ‘
577 3518 646 3566 Hie'
659 3524 699 3567 est
715 3520 822 3577 Auctor,
831 3519 980 3577 Terentius,
991 3518 1024 3565 de
1036 3531 1087 3578 quo
1099 3516 1159 3564 vide

62 3581 98 3630 ad
116 3581 199 3630 Andr.
219 3583 291 3632 Ptol.
312 3597 338 3631 v.
358 3586 398 3632 le.
416 3581 491 3630 Beni.
526 3582 560 3628 Et
578 3583 614 3629 ita
633 3580 696 3629 daut
712 3581 789 3628 Both.
810 3582 870 3643 Bip.
888 3581 1022 3628 Peri—28
1039 3581 1112 3628 Rern.
1132 3588 1160 3628 et

60 3646 106 3694 vt.
121 3648 208 3709 partia.
227 3648 273 3697 Fa.
294 3648 396 3696 Portis:
414 3652 494 3694 recte.
528 3645 554 3693 Si
568 3646 694 3707 genitivus
703 3643 808 3708 pluralis
820 3644 845 3691 in
857 3644 989 3692 iumexeat
999 3643 1160 3693 accusativus

60 3709 88 3759 in
100 3711 123 3759 ie
134 3712 196 3772 exit,
207 3726 256 3761 uon
267 3727 300 3760 ee.
333 3711 376 3761 lta
389 3711 485 3759 vetusti
496 3710 600 3758 codices
617 3709 714 3769 Plauti,
726 3708 852 3769 Lucretii,
862 3708 975 3770 Virgilii,
988 3708 1102 3767 Horatii,
1112 3711 1160 3756 &o

60 3775 138 3825 Beni.
154 3777 198 3840 qni
208 3777 285 3825 etiam
299 3776 401 3825 ordinat
413 3776 443 3830 Q.
451 3790 476 3837 p.
486 3790 510 3836 p.
522 3774 571 3836 qui.
607 3773 702 3823 Primae
709 3779 790 3837 parter
801 3775 841 3836 qni
852 3774 896 3821 Br.
918 3774 995 3822 Both.
1008 3775 1073 3834 Eug.
1087 3773 1159 3822 Perl.

63 3840 126 3904 Bip.
139 3839 234 3905 D'elplr.
264 3840 295 3896 Q.
309 3839 400 3903 primae
414 3839 493 3904 partia
508 3839 549 3903 qai
559 3837 654 3887 Z.—29
671 3841 730 3889 Riv.
745 3844 842 3901 gerelm
860 3835 984 3900 defendit,
998 3838 1065 3902 qnod
1083 3838 1161 3886 estin

562 3986 671 4037 NOTAE

95 4103 130 4150 26
147 4099 370 4163 Epidicazomenon]
391 4100 443 4150 Hic
465 4097 593 4164 ἐπιδικαζό-
636 4098 773 4151 contendit
790 4097 921 4156 Phormio,
942 4101 972 4146 ut
992 4094 1120 4147 Phaniam
1136 4092 1161 4146 ei

61 4185 189 4239 pevenese
204 4176 330 4242 Antipho,
342 4176 446 4242 quicum
462 4177 488 4228 in
496 4179 597 4244 judicio
637 4175 772 4228 addicatur
783 4187 856 4224 uxor.
