2678 4694
198 314 263 382 722
450 364 455 372 .
574 331 604 379 r.
627 330 923 382 rennuentem

202 472 269 537 Du.
293 471 384 552 Quid
398 471 497 537 sumi
520 472 665 538 vidistin'
679 471 805 538 hodicl
849 473 914 539 Su.
936 473 1090 540 Tuumne
1104 473 1235 542 filium?

198 573 344 658 Abigam
358 575 445 641 hunc
459 595 514 639 ms
527 596 536 640 ε
554 573 756 661 jamdudum
770 575 898 660 aliquid
913 578 981 641 ruri
996 597 1094 660 ugera
1111 580 1258 645 arbitror.

201 678 271 744 Du.
293 676 399 744 Satin'
421 679 489 743 scis
509 678 558 742 ibi
574 679 675 742 osset
721 678 786 743 ὃν.
809 677 881 769 Oh!
905 680 962 761 qui
984 686 1119 762 egomet
1139 681 1281 765 produxi.

330 780 402 842 Du.
424 779 568 862 Optume
581 776 637 843 'sh
1160 792 1163 797 “

202 878 324 957 Metui,
338 899 378 944 no
391 882 528 944 haereret
536 879 604 944 hic.
650 880 715 944 ΒΥ.
738 877 850 964 Atque
861 883 979 946 iratum
994 883 1191 949 admodum.

201 980 271 1046 Dn.
293 980 384 1061 Quid
400 982 533 1047 antemi
578 982 643 1046 sr.
665 981 815 1049 Adortus
833 983 943 1067 jurgio
965 985 1106 1051 trahem
1130 987 1222 1070 apud
1243 984 1283 1049 io«

328 1103 412 1162 rum,
1250 1087 1284 1149 tt

201 1186 255 1251 De
282 1187 424 1270 psaltria
444 1187 540 1252 istac.
584 1187 653 1251 Dn.
675 1185 753 1251 Ain’
779 1189 884 1252 vorot
929 1190 994 1252 Su.
1016 1187 1112 1253 Vnht
1138 1188 1222 1252 nihil
1243 1207 1284 1252 re·

328 1289 434 1354 licuit.

198 1470 266 1506 mum
307 1456 365 1516 tum,
380 1457 469 1506 meu.
502 1456 554 1505 nr.
572 1455 637 1512 Qus
655 1451 727 1504 mut
747 1452 874 1518 (tueutgu
891 1453 1066 1518 cumptum)
1080 1454 1196 1504 oututm
1212 1455 1286 1504 mutu

199 1520 250 1571 Su.
287 1536 371 1570 surum
379 1519 480 1586 filium?
499 1520 676 1585 (uhigomhune
691 1520 813 1568 molestum
826 1531 903 1568 smeru
921 1520 951 1566 od
970 1534 1038 1567 suum
1056 1519 1199 1583 medicos.)
1229 1521 1286 1568 Jon-

196 1583 1285 1706 summme

199 1684 252 1762 cum
272 1665 717 1775 AEpcsptiptororpormpougpuemw
731 1682 769 1760 iro
788 1679 855 1760 udtde
875 1683 1019 1759 commotum.
1052 1711 1107 1760 Dn.
1127 1712 1288 1768 Quamobrem}

199 1777 248 1826 Su.
275 1778 367 1841 Irmepit
379 1778 406 1827 iu
415 1778 583 1839 forosrotrem
593 1777 716 1837 oh'urgore
726 1781 821 1839 propter
831 1775 891 1824 boue
894 1775 1030 1840 fidicinam
1062 1777 1288 1835 Dn.1turrsost‚st

199 1842 254 1891 our
285 1841 335 1892 Su.
362 1842 433 1892 Vols!
453 1842 515 1892 nibil
534 1841 688 1906 pretermisit
709 1855 869 1903 eorumque
890 1839 1182 1903 exprobrmdusserrut:
1200 1845 1287 1892 suast

657 1980 778 2006 eeeeee
780 1981 842 2001 ΜΟ

199 2079 296 2131 habent
311 2082 345 2130 Ut
355 2081 451 2146 quisque
458 2082 540 2149 fitium
550 2098 624 2132 suum.
641 2083 790 2133 west-46
807 2080 951 2145 Distinguit
971 2081 1017 2129 Br.
1035 2081 1103 2136 Quid
1109 2079 1123 2132 i
1139 2083 1288 2132 eumoidistis

200 2138 285 2196 iudici
301 2153 328 2195 et
347 2144 384 2195 ita
403 2148 462 2212 Bip.
480 2145 568 2198 Guelf.
587 2152 611 2196 2.
630 2146 704 2205 Quid,
725 2163 775 2197 eom
794 2147 869 2211 ang.
912 2147 1016 2194 Tuumne
1037 2144 1133 2210 filium]
1156 2147 1210 2197 Ms.
1228 2148 1288 2211 Lipr.
1329 2128 1331 2163 ἶ

199 2210 373 2272 Abignmlttmc
382 2226 431 2260 rus.
466 2213 570 2261 Tuumne
579 2211 679 2276 filium?
693 2211 764 2261 Abiit
779 2211 832 2259 hinc
842 2225 892 2259 rus.
903 2209 1052 2270 jamdudum
1063 2211 1156 2272 aliquid
1166 2213 1219 2259 ruri
1229 2225 1289 2274 ogere

199 2275 313 2324 arbitror.
331 2275 478 2325 lvere-dt
495 2277 600 2338 Abigam
616 2278 675 2325 huuc
685 2291 733 2325 rus.
755 2276 821 2324 Huec
836 2276 917 2337 Syrus
928 2289 1024 2335 secum,
1036 2275 1076 2322 vel
1089 2275 1124 2323 ad
1136 2285 1289 2338 spectatores

200 2352 349 2388 conversus.
384 2340 454 2388 Male
464 2341 543 2403 igitur
555 2342 580 2388 iu
593 2341 720 2389 nonnullis
732 2341 807 2389 codd.
819 2340 968 2388 tribuuntur
978 2340 1093 2388 Demeae.
1112 2340 1148 2389 G.
1165 2341 1236 2389 Abiit
1244 2341 1290 2389 iius

200 2416 250 2456 w.
260 2402 343 2452 ldem.
369 2404 460 2452 Verba
470 2404 573 2466 Abigam
584 2405 644 2453 horu
653 2419 702 2465 rus,
712 2411 757 2452 sut
769 2406 877 2454 Demeae
890 2411 949 2452 srrnt
960 2403 1108 2467 tribuenda,
1119 2413 1167 2454 ant
1177 2407 1256 2469 Syrus
1265 2418 1290 2453 es

201 2465 234 2515 sd
254 2467 422 2530 spectatores
442 2467 515 2525 dicit,
534 2482 583 2515 non
601 2468 722 2518 audiente
741 2469 848 2517 Demea.
873 2468 949 2517 Zeuu.
989 2468 1096 2516 Demeas
1117 2469 1236 2519 tribuunt
1253 2470 1289 2518 Bt.

200 2530 281 2580 Both.
297 2532 413 2595 tegitque
425 2531 469 2580 ille
480 2529 613 2581 Abiitbiuc
630 2529 691 2579 rusi
707 2533 747 2578 hic
763 2544 866 2594 quoque
885 2530 939 2578 hirc
960 2545 1007 2592 pro
1025 2531 1095 2581 huuc.
1128 2533 1174 2582 Sic
1194 2534 1227 2582 ad
1244 2536 1289 2582 hec

200 2596 281 2646 verbs
292 2602 366 2646 notat
377 2597 472 2658 Brona,
489 2597 496 2624 ‘
507 2595 577 2644 Edit.
591 2594 681 2643 tribuit
689 2593 772 2657 Syro:
789 2596 866 2656 male,
877 2601 906 2642 ut
914 2603 987 2643 recte
995 2595 1127 2658 judicavit
1139 2598 1224 2649 Zeun.
1247 2599 1289 2646 Bo·

201 2659 268 2710 thius
281 2675 344 2723 ergo
356 2661 465 2709 Demeoe
477 2660 576 2719 tribuit,
588 2659 632 2707 sed
644 2661 707 2720 hine,
723 2673 868 2723 quiunquam
879 2658 948 2707 bonu
959 2658 1048 2720 lectio,
1058 2667 1100 2710 est
1113 2663 1184 2723 apud
1196 2677 1253 2712 eum
1262 2676 1289 2711 ex

197 2725 293 2786 ¹mendo
303 2726 503 2789 typographico.
535 2723 605 2774 Abiit
614 2723 669 2773 hius
680 2723 720 2771 vel
731 2723 837 2783 Abigam
846 2724 916 2784 huuc,
928 2731 1006 2786 atque
1018 2723 1055 2772 ita
1067 2724 1093 2772 in
1106 2724 1167 2775 cod.
1178 2727 1239 2777 olim
1247 2728 1291 2777 lee-

201 2794 255 2837 tum
274 2803 330 2838 esse
348 2789 463 2839 ostendit
482 2789 572 2850 litura,
589 2789 656 2837 noda
674 2795 805 2836 corrector
824 2802 893 2836 suam
915 2788 1052 2837 lectionem
1069 2789 1188 2840 hauserit
1203 2791 1290 2852 nescio,

200 2865 258 2902 nsm
270 2854 335 2903 edit.
348 2853 537 2918 quasconsului
550 2868 637 2902 omnes
649 2852 752 2913 Abigam
762 2850 840 2900 burc!
875 2851 941 2900 Hirro
960 2866 1007 2915 pro
1025 2853 1087 2900 huuc
1105 2854 1197 2903 Guelf.
1211 2859 1290 2906 3.-48

201 2915 241 2966 Ibi
252 2933 308 2968 esse.
341 2918 395 2967 Pro
413 2933 444 2968 eo
464 2918 523 2967 libri
543 2917 646 2981 quidam
665 2919 765 2978 legunt,
784 2931 836 2964 eum
847 2914 880 2964 ibi
892 2932 956 2965 esse:
973 2918 1039 2980 qrrod
1052 2931 1085 2965 ex
1096 2919 1186 2979 glossa
1198 2921 1290 2969 ridetur

200 2980 334 3032 insertum.
363 2983 437 3033 West.
480 2982 529 3037 Qui
546 2987 635 3042 egomet
652 2981 763 3043 produxi.
796 2980 905 3028 Varisnt
923 2980 993 3041 libri,-
1008 2981 1086 3029 etiam
1107 2997 1176 3044 quem
1197 2993 1225 3033 et
1242 2983 1290 3047 oris

200 3045 331 3109 legentem
347 3060 455 3108 quorum
466 3047 514 3094 hoc
526 3053 609 3097 metro
618 3052 752 3107 repugnat.
770 3044 845 3093 Idem.
878 3044 949 3093 Sotiis
959 3046 1006 3094 seis
1016 3045 1050 3094 tm
1062 3045 1195 3097 eumenes?
1210 3048 1290 3097 Dictis

201 3123 252 3158 sum
270 3110 297 3157 in
317 3111 386 3158 nullo
405 3119 449 3159 est
466 3111 482 3157 l.
494 3124 514 3157 s.
527 3125 603 3174 quam
614 3118 642 3158 et
655 3109 749 3174 alioqui
762 3122 851 3157 versus
863 3110 973 3171 respuit,
989 3123 1038 3157 nec
1051 3124 1137 3159 sermo
1149 3112 1290 3162 desiderat:

201 3173 291 3236 ntique
310 3174 376 3222 enim
392 3173 546 3235 intelligitur
563 3189 621 3222 eum.
640 3175 683 3222 Fa.
717 3174 776 3222 Nec
796 3173 1052 3223 innostrisesteum.
1069 3175 1151 3224 Bent.
1187 3177 1291 3237 Quriego·

200 3241 248 3285 uret
265 3236 380 3302 produxi]
397 3238 449 3287 Hic
461 3238 647 3297 variantium
664 3236 707 3284 alii
727 3238 778 3300 qui,
796 3246 825 3286 ut
842 3237 981 3286 Bembinns
1002 3248 1030 3286 et
1049 3239 1232 3304 Basilicnnus3
1245 3241 1290 3300 alii,

201 3302 275 3363 quior
290 3297 343 3363 ulii,
353 3317 430 3364 quem,
446 3309 475 3350 ut
487 3302 530 3350 Vi.
542 3309 569 3350 et
581 3303 739 3350 Decurtatns
752 3316 782 3350 uc
793 3303 922 3359 Donatus,
940 3316 1003 3365 quos
1015 3305 1157 3366 sequimur.
1174 3306 1224 3355 Fu.
1252 3305 1291 3354 Its

202 3365 303 3416 vadant
315 3373 341 3415 et
349 3368 445 3427 nostri;
464 3367 501 3415 ita
514 3374 598 3415 tumen
610 3375 639 3414 ut
652 3365 806 3415 vetustiores
817 3368 875 3430 qui,·
891 3366 1035 3415 mediocres
1047 3369 1122 3430 quim
1139 3369 1289 3420 recentiores

200 3445 275 3494 ouem.
295 3430 393 3480 Nonius
405 3446 429 3480 v.
441 3431 605 3481 Producere:
617 3430 768 3479 ‘Terentius
780 3430 922 3494 Adelphis:
935 3431 959 3480 0
972 3430 1042 3494 quin’
1052 3441 1158 3494 egomet
1190 3431 1290 3484 reduxi!

200 3495 245 3546 Sic
257 3502 286 3545 et
296 3496 379 3547 codex
389 3497 424 3545 ibi
436 3504 563 3546 vetustus.
580 3495 646 3546 Edd.
658 3495 774 3544 Terentii
786 3503 850 3544 vett.
861 3504 889 3544 et
900 3495 936 3543 ibi
948 3496 1063 3544 Donatus
1074 3512 1150 3559 quem.
1197 3515 1229 3549 oc
1239 3497 1289 3548 ideo

201 3559 322 3626 prrefero,
334 3561 393 3625 quis
402 3563 518 3626 sequitur
531 3576 590 3610 mox
599 3560 696 3610 iratum.
729 3562 805 3615 Quem
814 3565 904 3620 egomet
912 3560 1024 3622 produxi.
1042 3594 1102 3610 ....
1119 3562 1202 3625 Atque
1210 3564 1288 3614 iratus

200 3627 331 3676 mustum.
365 3627 446 3676 Certe
466 3626 538 3690 quiid,
556 3626 624 3690 quod
641 3624 745 3690 quidam
761 3624 867 3683 mavult,
883 3634 953 3673 stare
968 3624 1009 3672 hic
1022 3639 1073 3673 uon
1085 3633 1189 3688 potem
1207 3627 1287 3676 nisiex

201 3690 268 3740 ‘scis
279 3692 317 3742 ibi
328 3691 399 3740 esse’
420 3691 551 3754 Dactylus
562 3690 625 3750 tiat;
642 3696 670 3739 et
683 3689 869 3738 balbutientem
881 3703 912 3737 ac
925 3689 1080 3738 titubantem
1092 3704 1183 3739 senem
1195 3693 1242 3740 hoc
1251 3689 1287 3738 de·

201 3756 311 3805 volvisse
322 3756 456 3820 tingamus.
473 3757 548 3805 Beut.
582 3755 647 3803 Post
654 3754 757 3817 produxi
768 3754 911 3814 interrogat
922 3754 968 3802 Br.
1003 3754 1051 3814 Oh,
1063 3769 1132 3816 quem
1144 3757 1224 3807 Both.
1235 3754 1284 3816 Bip.

199 3823 266 3868 —ts
283 3820 347 3871 Mss.
357 3818 462 3886 quidem
477 3826 505 3868 et
517 3825 618 3868 veteres
630 3819 788 3883 impressius
799 3817 898 3864 burdet
911 3817 974 3878 huic,
992 3817 1010 3867 i.
1028 3833 1052 3865 e.
1064 3817 1205 3869 AEschino:
1222 3831 1285 3882 qussi

203 3882 264 3932 leet.
276 3886 453 3937 tuetnrJauus
472 3883 644 3943 Gulielmius;
661 3883 707 3933 sed
724 3883 750 3931 in
770 3880 879 3931 scholiis
896 3881 999 3930 ineditis
1015 3881 1114 3931 refutat
1133 3883 1205 3948 (luy.
1223 3884 1301 3932 utu.-

203 3951 268 3996 -50
285 3948 381 4000 Omnes
393 3950 496 4001 codices
506 3947 613 3999 Adortus
625 3954 668 3998 est.
697 3949 767 4011 Lege
777 3947 884 3995 Adortus
896 3946 980 4008 jurgio
991 3952 1035 3995 est.
1053 3953 1081 3995 ut
1100 3948 1181 3997 etiam
1201 3955 1240 3997 est
1250 3960 1283 4008 sp·

673 4093 675 4097 ’
696 4082 802 4134 ΝΟΤΙΕ

199 4206 203 4223 u
284 4249 286 4253 ι
353 4186 385 4233 47
401 4181 506 4245 sonam
515 4181 637 4245 imerus]
654 4181 719 4232 Huc
731 4194 817 4231 secum
830 4180 910 4244 Syme
921 4179 1002 4230 tucite
1014 4176 1138 4243 loquitur.
