2678 4694
388 310 623 361 euonuronrs
647 313 730 363 aer.
754 315 808 365 ιιι.
831 314 885 365 sc.
908 318 963 366 ιιι.
1145 308 1212 375 979

118 450 282 518 Triduum
296 453 589 619 hoegipromissum
612 455 731 522 suerat.
774 457 845 522 An.
869 458 964 525 Itane
990 459 1077 526 hunc
1103 468 1211 547 patie-

251 576 333 633 mur,
383 565 453 634 etn,
504 626 512 638 ,

119 658 212 722 Fieri
226 659 389 736 miserum,
405 658 464 742 qui
481 678 533 723 mo
549 659 682 741 dudum,
698 669 735 728 ut
750 663 849 741 dixti,
863 663 1032 747 adjuverit
1046 667 1210 735 comiter?

118 758 224 838 Quin,
240 779 317 823 cum
334 779 422 843 opus
442 765 503 839 est,
528 760 726 827 beneficium
750 784 879 830 rursum
893 765 924 830 ei
939 770 1124 852 experimur
1137 773 1212 836 red·

250 860 351 926 deret
1190 876 1212 938 5

118 963 186 1030 Gn.
210 963 291 1027 Scio
306 963 442 1046 quidem
455 963 518 1029 hoo
532 984 607 1030 esse
623 985 766 1049 aequom.
809 968 881 1033 An.
905 968 979 1054 Age
1000 991 1091 1054 ergo,
1118 975 1211 1040 solus

248 1083 378 1126 servare
392 1062 479 1128 hunc
495 1072 602 1147 potes.
1218 1100 1221 1105 v

119 1165 190 1233 Gn.
213 1163 304 1245 ¹Quid
320 1165 467 1231 saciant
511 1166 583 1232 AN.
599 1167 753 1236 Invenias
768 1177 950 1254 argentum.
993 1173 1060 1240 Gn.
1076 1174 1210 1261 Cupi03

249 1267 319 1346 scd,
334 1268 368 1333 id
384 1268 479 1346 unde,
496 1268 613 1334 edoce.
1204 1289 1213 1301 ‘

110 1501 194 1566 flecti,
202 1508 227 1551 et
234 1503 444 1564 sunded,triduum
452 1503 570 1565 doe,quod
576 1504 764 1566 postulatum,ut
772 1509 907 1566 expectoret
913 1520 923 1562 ;
935 1502 1087 1567 deduceris
1093 1504 1151 1554 midi
1157 1520 1212 1568 pro·

117 1565 385 1616 missoerotodumicis.
401 1565 454 1616 An.
464 1566 568 1624 Siccine,
577 1568 649 1627 Geta,
657 1568 716 1616 dure
723 1572 824 1617 sinemus
832 1584 857 1618 eo
866 1570 969 1618 miserie
975 1568 1063 1632 redigi,
1070 1569 1111 1632 qui
1120 1584 1156 1618 me
1161 1573 1211 1632 pri-

114 1630 973 1695 dem‚utdixisti,torsdursuue,etbenignejuoerit,proestomidiluers'tt
989 1632 1214 1696 Qutsxumopuss's

115 1694 196 1754 dedet,
204 1696 283 1758 potius
292 1697 339 1759 ipsi
348 1696 455 1754 pretium
465 1702 584 1758 occeptum
593 1697 731 1754 referimus?
763 1698 815 1747 Gn.
831 1698 878 1746 Set
887 1698 935 1747 scio
946 1697 1056 1759 equitati
1065 1697 1091 1746 id
1099 1712 1148 1747 esse
1158 1713 1213 1746 eor·

113 1764 259 1809 sentuneum.
281 1761 332 1809 An.
344 1761 390 1821 Ejo
398 1775 442 1820 nge
453 1775 509 1821 ergo
517 1761 582 1808 istud
591 1762 739 1821 aggredere;
749 1764 813 1810 sotus
823 1761 872 1822 eius
883 1762 908 1810 s'rr
918 1767 943 1812 te
950 1763 998 1811 soto
1004 1761 1082 1824 posito
1094 1767 1137 1811 est.
1158 1761 1212 1811 Ge.

117 1824 183 1879 Quid
199 1831 285 1886 egomt
315 1824 370 1875 An.
386 1825 518 1884 Argentum
540 1825 627 1876 inueni.
660 1825 710 1874 Gn.
728 1826 796 1875 istud
814 1826 883 1876 setim
896 1826 995 1886 fucere:
1019 1827 1062 1875 sed
1082 1826 1117 1890 id,
1135 1842 1150 1875 n
1169 1842 1213 1889 quo

114 2063 234 2125 quatuor,
251 2058 321 2123 Lips.
343 2058 455 2110 witti.
479 2061 546 2124 qood
565 2062 603 2111 dic
621 2063 643 2110 si
661 2062 783 2125 potuisset.
817 2061 928 2113 Quando
949 2062 978 2110 rt
996 2064 1056 2125 quod
1074 2061 1154 2112 suerit
1171 2077 1211 2110 re-

115 2123 233 2185 lativum,
247 2124 296 2172 hoc
316 2139 393 2173 sensn
411 2133 438 2173 et
458 2126 576 2186 ordine,‘
590 2126 658 2188 qnod
672 2125 834 2188 (argentum)
846 2127 998 2188 promissum
1019 2126 1114 2186 furerat,
1128 2126 1150 2174 si
1168 2127 1211 2176 hio

116 2188 243 2252 poturisset
254 2203 322 2238 nunc
338 2188 468 2237 exorarier
480 2189 593 2236 triduum
606 2188 672 2236 hoc!
704 2189 821 2238 Eundem
839 2203 940 2238 sensum
960 2189 1006 2237 dat
1023 2189 1101 2238 tectio
1118 2188 1213 2239 Fadrni

115 2255 186 2317 quod,
197 2254 235 2303 die
251 2254 273 2301 xi
281 2253 428 2316 petescisset
440 2253 569 2300 exorarier.
604 2251 628 2300 Α
640 2252 693 2302 Ms.
703 2252 782 2302 Bodt.
798 2253 873 2302 abeat
882 2251 912 2301 τὸ
926 2253 980 2302 die.-
997 2258 1108 2316 praestat
1124 2263 1213 2304 sutem

115 2321 213 2380 legere,
232 2324 261 2366 ut
279 2317 357 2366 edidi.
382 2318 477 2365 Parum
497 2317 564 2364 enim
583 2316 675 2366 Latine
686 2314 801 2367 dicitur:
816 2319 824 2346 ‘
840 2316 909 2368 unde
928 2325 1063 2381 argentum
1082 2317 1211 2368 inveniam

115 2383 202 2443 miser,
221 2384 263 2431 cni
278 2381 399 2446 (misero)
417 2381 500 2430 minus
518 2380 597 2429 nihilo
613 2386 662 2444 est,
678 2382 747 2446 quod
769 2380 931 2447 (argentum)
943 2383 1093 2445 promissum
1110 2380 1212 2431 fuerat!

115 2448 164 2496 Est
183 2462 259 2510 porro
277 2445 432 2495 antecedens
454 2460 502 2508 pro
521 2453 707 2509 consequente,
728 2446 858 2511 valetque,
877 2446 1053 2497 ‘dinumerari
1073 2445 1212 2510 potuerat,’

115 2511 176 2575 quia
187 2512 304 2559 nimirum
317 2509 404 2558 fuerat
415 2509 576 2572 promissum.
596 2511 669 2558 West.
703 2512 772 2567 Quod
784 2512 856 2560 ridie
872 2513 984 2574 potuisset
1002 2527 1064 2561 nunc
1081 2513 1211 2562 exorarier.

115 2576 202 2638 Aliqui
212 2576 280 2633 iibri,
290 2582 317 2623 et
328 2576 354 2622 in
366 2575 396 2622 iis
408 2581 460 2622 tres
473 2574 643 2637 antiquissimi
654 2580 682 2624 et
692 2576 753 2624 Bas.
763 2575 801 2623 ita
812 2574 868 2623 haec
876 2576 956 2624 verbs
966 2576 1096 2635 ordinant,
1105 2578 1165 2638 quod
1174 2576 1213 2624 trie

113 2641 152 2697 sir
168 2640 235 2703 qnod
253 2654 314 2687 vero
325 2639 451 2702 sequitur,
463 2638 498 2687 ita
509 2647 550 2686 est
566 2639 592 2686 in
605 2638 741 2695 Bembino,
758 2645 813 2700 pote
827 2638 913 2695 sedetet
930 2640 1066 2696 exorarier,-
1083 2641 1121 2686 ita
1133 2641 1213 2688 etiem

114 2704 194 2752 fuisse
210 2705 236 2752 in
249 2704 291 2752 Vi.
304 2710 413 2764 apparet
432 2716 464 2750 ex
484 2702 571 2763 litura,
582 2715 723 2765 rasnreqoe
742 2704 886 2763 literarum,
898 2703 924 2751 in
936 2718 986 2766 qua
997 2703 1162 2752 emendatum
1175 2709 1214 2752 est

113 2768 237 2832 potuisset.
270 2768 391 2814 Ceterum
401 2766 431 2814 τὸ
448 2780 510 2814 aure
528 2772 602 2814 extra
616 2773 766 2815 contextum
786 2766 903 2824 additum
921 2773 980 2816 est:
999 2781 1062 2816 sane
1080 2780 1212 2830 exponen·

115 2831 353 2891 dsrmpotesuisset,
372 2844 418 2890 pro
433 2830 562 2892 potuisset:
579 2830 646 2879 sicot
658 2838 686 2878 et
704 2830 821 2879 absolute
841 2829 908 2879 dixit
923 2829 950 2879 in
967 2830 1082 2879 Andria:
1099 2831 1147 2881 ‘Si
1164 2830 1213 2880 tibi

115 2895 222 2958 placere
234 2895 301 2955 potis
313 2892 372 2953 est,'
383 2909 430 2956 pro
441 2899 527 2956 potest.
544 2894 589 2942 Fa.
622 2894 685 2942 Tres
696 2909 729 2942 ex
740 2895 835 2942 nostris
847 2896 937 2956 quodsi
948 2895 1003 2944 nic.-
1019 2903 1046 2945 et
1058 2895 1212 2945 Meadianus

115 2957 204 3023 quodsi
215 2958 258 3007 duc
268 2957 423 3020 potesuisset.
458 2958 576 3021 Repone,
588 2959 635 3006 eus·
645 2957 722 3006 minus
732 2959 806 3007 nihilo
817 2955 871 3008 est?
889 2960 981 3021 quodsi
996 2959 1050 3007 dinc
1062 2950 1212 3021 potesunier

115 3023 245 3083 exornrier,
267 3023 379 3070 iiiduum
391 3023 442 3084 trec,
461 3023 601 3086 promissum
612 3023 705 3082 suerat.
738 3023 816 3072 Bent.
847 3023 891 3071 Ita
909 3029 936 3071 et
956 3022 1020 3072 dant
1039 3024 1118 3071 Both.
1138 3023 1210 3074 Peri.

114 3093 290 3151 preterquam
309 3086 377 3151 quod
389 3087 461 3136 Peri.
479 3086 605 3136 commite
622 3086 758 3148 distinguit
778 3088 847 3136 inter
862 3089 922 3150 quod
941 3093 969 3135 et
986 3087 1017 3137 si.
1051 3089 1121 3147 Quod
1135 3088 1213 3137 dicei

111 3153 225 3216 potuisset
236 3168 297 3200 mom
308 3152 436 3215 exorarier,
444 3152 559 3200 Triduum
568 3151 609 3199 dec
617 3166 641 3214 p.
646 3150 671 3210 f.
689 3153 736 3200 Br.
770 3152 848 3214 Quod,
856 3151 894 3199 dic
904 3151 990 3214 sipote
995 3151 1082 3210 sederet
1092 3152 1213 3201 exorarier

118 3216 230 3265 Biduum
250 3217 302 3276 doc,
312 3231 337 3278 p.
342 3216 367 3273 s.
383 3217 443 3278 Bip.
473 3214 621 3273 Quodrtdie
635 3216 817 3280 petescissetn.
836 3216 965 3277 exorarier,
977 3216 1091 3266 Triduum
1106 3216 1213 3281 keeps.

115 3281 210 3343 Deiph.
246 3281 461 3328 Nuncanteexor.
489 3280 577 3331 Gueit'.
590 3284 662 3332 s.-4
678 3281 804 3344 Adjuoerit
821 3277 939 3332 comiter?
957 3281 1013 3331 Nos
1027 3281 1131 3343 adiuerit
1150 3282 1212 3331 scri·
1301 3276 1305 3282 ¹

115 3345 200 3394 bimus
212 3358 259 3408 per
270 3344 472 3393 subtractionem
483 3347 557 3394 unios
578 3360 604 3408 u,
621 3347 823 3410 antepenultima
839 3346 912 3410 trojus
929 3346 1002 3395 verbi
1019 3354 1158 3410 correpta;
1174 3347 1213 3395 its

117 3416 145 3458 et
157 3405 278 3474 exigente
291 3423 376 3468 versu,
388 3416 416 3456 et
428 3408 531 3470 tegente
542 3409 654 3465 Donato,
690 3413 715 3459 oi
727 3418 805 3475 super
818 3412 866 3459 hoc
877 3411 957 3461 verbo
970 3410 1007 3460 ita
1017 3412 1091 3473 dicit,
1101 3413 1110 3439 ⁴
1120 3424 1212 3460 secun

117 3472 177 3522 dom
188 3489 205 3522 u
215 3471 376 3538 pronuntiari
388 3470 465 3521 debet
474 3471 491 3520 :'
506 3485 539 3520 ex
550 3471 581 3521 iis
592 3473 690 3522 Donati
701 3475 788 3523 verbis
800 3475 892 3537 liquet,
904 3475 1045 3524 seeundum
1055 3490 1071 3523 ιι
1087 3472 1211 3536 scripturn

116 3551 167 3587 non
178 3537 371 3602 fnisse,atioqui
390 3549 576 3598 supervacuum
596 3532 688 3584 inisset
704 3536 738 3586 ds
756 3538 813 3599 ejus
865 3538 1043 3586 enuntiatione
1060 3538 1210 3600 praeoipere.

117 3604 163 3653 Fe.
197 3603 279 3651 Immo
301 3602 465 3651 scribendum
486 3599 639 3659 adjurium
658 3600 755 3649 Ennius
774 3614 825 3662 epo
857 3600 913 3649 Cic.
932 3600 965 3648 de
984 3601 1144 3662 Senectute3
1165 3599 1211 3648 ι0

115 3668 184 3724 Tite,
197 3666 280 3730 siqnid
299 3680 347 3726 ego
359 3666 450 3729 adjuro
472 3677 592 3714 coramve
611 3664 739 3713 levassor'
756 3669 824 3714 utet
839 3663 959 3713 Muretus
970 3664 1045 3713 vidit.
1061 3664 1136 3713 Bert.
1166 3665 1212 3713 Ge·

115 3732 199 3781 mitem
218 3732 264 3779 Br.
298 3731 413 3778 Miserum
424 3730 484 3795 fieri
500 3727 642 3788 ...adiurit
662 3729 740 3779 Both.
773 3726 873 3789 Adjurit
889 3728 960 3777 Peri.
991 3728 1104 3788 Adiuem't
1121 3727 1211 3778 Gneif.

116 3801 192 3846 2.-o
213 3796 276 3843 Mss.
296 3794 372 3842 Bodt.
395 3793 430 3843 G.
449 3795 486 3845 M.
506 3802 534 3843 et
555 3793 609 3842 ΕΡ.
631 3795 787 3857 experiamur.
814 3793 894 3843 West.
926 3793 1087 3855 Experiamur
1106 3793 1212 3842 reddere.

117 3862 195 3911 Bero.
218 3859 382 3921 experiemur.-
407 3872 453 3907 noe
469 3857 603 3922 experimur
629 3858 766 3920 legendnm
784 3871 842 3906 esse
864 3858 1025 3921 conjicimus.
1041 3857 1087 3906 Fu.
1120 3856 1211 3906 Nostri
1247 3900 1249 3908 .

116 3923 374 3984 omnesexperinmur.
391 3922 468 3972 Bent.
502 3924 595 3972 Rursus
611 3921 793 3986 etexperiomur
804 3923 850 3972 Br.
886 3921 1211 3985 Q.eumopus‚d.e.rursus

118 3990 254 4054 experimur
273 4002 295 4036 r.
321 3987 398 4035 Both.
431 3987 589 4048 Experiamur
610 3985 690 4037 Z.-d
712 3989 823 4048 AEquom.
855 3986 966 4036 Codices
988 3986 1103 4050 quidam,
1121 4000 1210 4035 oerum.

117 4055 201 4104 Wasr.
237 4052 350 4114 Equidem
361 4063 448 4099 omnes
464 4051 523 4101 edd.
536 4049 615 4115 penes
630 4065 684 4101 nos.
719 4051 819 4099 Rectum
835 4065 882 4115 pro
902 4065 991 4113 equom
1007 4050 1130 4111 unetos.
1148 4051 1211 4099 ibid.

117 4131 219 4184 egopro
240 4131 303 4166 rere.
321 4120 345 4171 2.
364 4120 476 4195 erga-⁷
495 4116 559 4168 Wit.
579 4117 650 4167 Mor.
683 4115 842 4168 inveniamur.
875 4113 964 4166 Guelf.
981 4118 1006 4166 t.
1042 4115 1076 4167 Ut
1094 4115 1209 4167 temne.
