2678 4694
190 310 256 375 nte
565 326 597 372 e.
622 323 806 372 rnnnnru
832 324 921 371 nent

192 468 257 532 Ille
272 467 330 531 ubi
343 467 408 531 hnc
423 467 559 533 rescivit
572 469 709 546 factum,
725 469 826 532 frater
840 467 1110 532 violentissimus.

190 570 262 636 ΡΑ.
285 569 454 647 Quidnam
468 569 572 636 fecit?
618 572 688 636 ΡΥ.
710 570 896 653 colligavit
912 571 1058 652 primum
1072 588 1149 634 enm
1162 568 1293 634 miseris

322 671 445 737 modis.
489 673 555 737 ΡΑ.
579 674 691 737 Hem!

193 773 395 855 Colligavitt
442 768 510 838 ΡΥ.
533 774 646 858 Atque
670 773 827 858 equidem
852 781 978 850 orante,
995 781 1032 837 ut
1052 771 1144 836 ne-id
1160 771 1293 847 faceret,

324 876 463 942 Thaide.

192 978 261 1042 ΡΑ.
284 976 377 1057 Quid
394 980 473 1043 aist
520 978 590 1043 ΡΥ.
613 979 716 1043 Nunc
740 983 886 1045 minatur
913 997 1023 1063 porro,
1045 995 1120 1041 sese
1144 975 1191 1052 id,
1208 973 1295 1057 qnod

224 1154 227 1159 .
324 1080 466 1145 moechis
483 1081 590 1160 solet;
1256 1076 1294 1139 15

114 1226 120 1234 -
196 1183 299 1265 Quod
313 1204 374 1266 ego
388 1203 559 1266 nunqnam
574 1184 645 1248 vidi
669 1183 752 1262 fieri,
766 1203 875 1266 neque
896 1182 1007 1248 veiim.
1051 1179 1120 1244 ΡΛ.
1144 1177 1223 1258 Qua
1240 1197 1293 1243 un·

324 1284 425 1349 decia
1043 1286 1064 1303 “

193 1386 338 1450 Tantum
350 1386 480 1450 facinus
496 1385 624 1451 undet?
671 1387 739 1450 ΡΥ.
763 1386 858 1467 Quid
884 1387 935 1450 itu
949 1386 1106 1448 tuntumt
1151 1383 1223 1465 Ru.
1246 1379 1294 1444 An

324 1506 392 1551 non
403 1488 466 1552 tibi
480 1488 544 1551 hoc
562 1506 758 1552 mnxnmnm
775 1489 852 1551 esti
1239 1517 1241 1521 ¹

195 1589 285 1670 Quis
300 1589 401 1652 homo
414 1608 474 1671 pro
490 1590 624 1654 moechn
641 1610 789 1671 unquam
803 1589 888 1653 vidit
900 1588 936 1650 in
953 1588 1055 1651 domo
1068 1586 1260 1650 meretricia

194 1690 364 1756 Prehendi
401 1693 615 1773 quenquami
670 1690 738 1755 ΡΥ.
777 1689 920 1754 Nescio.
976 1687 1045 1754 ΡΛ.
1080 1684 1140 1764 At,
1165 1707 1208 1750 ne
1239 1687 1295 1751 hoc

323 1792 498 1869 nesciatis,
511 1790 670 1872 Pythias,

193 1986 277 2051 prurit
287 1985 365 2034 mirer.
400 1985 531 2044 Iliefrnter
542 1984 602 2045 ejnn
613 1985 755 2047 impetuotur
765 1984 897 2043 admodum,
906 1987 930 2031 et
938 1983 969 2030 nd
977 1982 1025 2029 uim
1035 1981 1182 2041 inponendum
1191 1977 1296 2043 promtio-

196 2051 280 2112 eimur,
297 2049 338 2098 not
357 2050 399 2099 hor
418 2050 544 2098 inaudivit.
578 2049 628 2097 ΡΑ.
648 2050 767 2107 Quirinum
778 2047 859 2106 fecit?
893 2049 944 2096 ΡΥ.
963 2046 1113 2093 Constrinxit
1128 2045 1296 2107 primumcum,

103 2120 106 2125 '
197 2117 224 2164 in
243 2117 337 2164 modum
353 2115 479 2174 crudelem,
498 2113 571 2162 arctio
588 2113 696 2162 vinculis.
730 2113 780 2160 ΡΑ.
798 2112 872 2171 Hem,
890 2111 1027 2171 eotiignoitt
1061 2110 1112 2157 ΡΥ.
1129 2109 1210 2171 Atque
1220 2109 1255 2166 id,
1264 2109 1298 2155 de·

195 2185 308 2243 preeunte
324 2178 393 2228 iilum
406 2178 496 2227 'ihuide
514 2192 543 2227 ne
559 2177 698 2237 idsooeret.
731 2177 781 2225 ΡΑ.
801 2177 931 2232 Quidum?
964 2175 1015 2223 ΡΥ.
1034 2175 1105 2223 Nune
1114 2173 1297 2221 minitatureeee

196 2244 362 2305 idsoeturum,
372 2244 433 2306 quod
443 2241 622 2305 adulterirjieri
632 2243 706 2290 tolet:
723 2241 783 2303 quod
793 2241 853 2289 numi
866 2240 1006 2301 supplicium
1016 2253 1061 2286 non
1072 2239 1148 2285 ndhno
1158 2238 1219 2296 nidi,
1230 2252 1297 2298 neque

198 2309 280 2357 uidere
291 2308 368 2356 uelim.
401 2307 453 2354 ΡΑ.
467 2307 527 2361 Quin
537 2306 573 2353 ito
582 2307 672 2366 audon,
682 2311 706 2353 et
716 2306 863 2365 temerarius,
873 2309 900 2351 ut
910 2303 1102 2363 tontumsncr'nur
1112 2304 1216 2350 oudeut?
1249 2302 1297 2348 ΡΥ.

202 2372 268 2426 Quid
285 2372 322 2419 itu
332 2376 426 2420 tontum
435 2370 489 2418 oie?
522 2370 573 2417 Pi.
590 2370 630 2418 An
642 2385 687 2417 non
697 2369 739 2418 hoo
748 2369 879 2417 niaximum
888 2373 941 2415 ort?
960 2367 1119 2429 Quisquamne
1132 2366 1251 2414 hominum
1261 2380 1298 2412 un·

199 2436 340 2498 qtmmnidit
352 2433 559 2485 ulluminoedihue
569 2433 701 2482 meretricie
711 2433 797 2496 corripi
804 2448 847 2495 pro
859 2430 965 2482 moeeho?
997 2432 1049 2479 ΡΥ.
1068 2430 1217 2480 Hooneetio.
1250 2431 1297 2478 Pu.

654 2579 838 2599 NMNJONO

196 2677 246 2726 lile
264 2676 306 2725 uhi
322 2676 348 2725 id
365 2692 387 2726 r.
402 2678 428 2737 s.
444 2677 518 2726 Rem.
540 2690 590 2725 non
607 2675 839 2740 rabennantium,
852 2674 1122 2738 nisisnperndditnm:
1140 2690 1191 2739 qne
1202 2675 1296 2735 demta,

198 2740 298 2790 sactum
318 2755 410 2790 nornen
430 2744 491 2804 erit,
510 2747 538 2790 et
553 2741 659 2804 perinde
671 2744 723 2791 erit
733 2757 763 2791 nc
778 2744 799 2791 ti
812 2744 929 2790 diceret:
948 2741 999 2788 Uhi
1012 2741 1118 2788 rescivit
1139 2754 1212 2788 rem:
1231 2740 1296 2803 quod

149 2852 151 2859 ,
199 2806 342 2868 elegantius
355 2807 410 2855 siue
423 2807 573 2870 pronomine
584 2807 636 2855 dici
654 2807 768 2856 videtur.
786 2808 831 2856 Fu.
855 2807 900 2854 Ine
915 2802 1180 2865 ubiretoioitsnotum]
1213 2805 1297 2853 Siren

198 2870 274 2920 Bem.
295 2869 419 2934 Faernus,
436 2880 463 2921 et
480 2872 518 2921 eie
531 2886 562 2920 ex
576 2871 664 2933 Regiis
676 2886 750 2919 unns·
783 2870 870 2919 Ceteri
882 2884 979 2931 omnes,
1000 2868 1042 2916 iiie
1051 2867 1091 2916 uhi
1099 2870 1126 2916 id
1136 2867 1234 2917 cotemnit
1245 2868 1297 2928 foc·

198 2940 258 2984 tum.
276 2934 355 2984 Bent.
381 2937 412 2984 [d
423 2937 464 2984 vel
476 2937 518 2983 hoo
528 2935 653 2983 omittunt
663 2934 709 2982 ΒΥ.
728 2935 825 2996 Deiph.
838 2935 869 2982 Ζ.
882 2933 960 2983 Both.
996 2933 1027 2980 ld
1038 2947 1085 2995 pro
1095 2933 1137 2980 hoe
1149 2932 1213 2980 dant
1223 2934 1298 2980 Beut.

198 2999 260 3061 Bip.
273 2999 344 3046 Peri.
372 3001 433 3047 Eme
447 2999 543 3059 foetum
559 2997 646 3047 Gueif.
657 3002 682 3046 2.
695 3002 784 3048 ³.—l³
801 2999 852 3047 Me.
864 2999 932 3061 Lips.
943 2998 1035 3046 mineris
1045 2998 1122 3046 nodie.
1156 2997 1207 3045 Sed
1226 3012 1298 3046 eraso

197 3064 372 3125 primaparte
389 3064 478 3112 enim.
496 3063 699 3112 Westerhovius.
730 3062 804 3111 Bem.
825 3063 888 3111 Hem
909 3064 935 3111 in
958 3070 1109 3126 sequentem
1134 3075 1236 3110 versum
1261 3077 1299 3110 re·

196 3126 268 3189 jicit.
300 3126 396 3174 Melius
409 3134 449 3174 eet
468 3141 524 3174 eam
548 3126 754 3188 interjectionem
771 3127 858 3176 delere
878 3142 909 3175 ex
932 3126 984 3174 tide
1006 3126 1114 3174 aliorum
1135 3131 1297 3174 vetustorum

196 3192 332 3250 librorum,
359 3205 532 3255 versuumque
556 3191 665 3239 ratione.
694 3192 738 3240 Fu.
771 3193 865 3255 Neque
884 3193 967 3240 nostri
990 3198 1136 3252 agnoscunt
1155 3190 1230 3239 Hem.
1265 3192 1298 3239 Et

197 3260 328 3318 proeteren
338 3254 401 3304 iilud
415 3257 492 3317 Atque
503 3254 616 3317 equidem,
635 3255 702 3318 quod
722 3251 781 3304 iibri
800 3263 952 3305 constanter
972 3257 1094 3317 retinent,
1105 3269 1151 3303 run
1162 3269 1189 3303 se
1202 3255 1297 3304 indicio

198 3318 295 3382 prodit.
328 3319 409 3380 Lege,
428 3321 461 3368 Et
472 3320 565 3382 quidem
577 3325 668 3369 oronte.
685 3319 827 3368 Bentleins.
861 3321 925 3369 Hem
938 3333 1028 3368 omnes
1039 3319 1131 3379 nostri,
1143 3325 1170 3367 et
1190 3326 1252 3381 apte
1272 3320 1297 3368 in

200 3397 229 3430 re
242 3383 325 3431 atroci
342 3381 452 3432 infertur
467 3384 615 3433 trochaicus
629 3385 728 3447 plenus.
746 3385 820 3433 Both.
855 3385 920 3434 Hem
931 3384 1044 3432 coltocat
1055 3384 1154 3446 Deiph.
1171 3397 1248 3432 versu
1258 3388 1297 3433 14.

199 3447 449 3510 poot‘Coiiigavit.'
483 3448 616 3496 Omittunt
637 3449 828 3510 uentu-rt
850 3449 1044 3510 Colliguoiteum
1063 3449 1098 3502 G,
1128 3448 1191 3496 Hoeo
1209 3448 1243 3496 ad
1262 3451 1298 3497 oio

199 3512 462 3575 aieruntnhlsffiipr.
490 3512 522 3560 In
534 3513 589 3562 ΕΡ.
602 3521 643 3562 ent
661 3514 693 3561 Α.
712 3529 733 3562 e.
746 3513 810 3572 serit
827 3519 917 3562 oronte.
935 3513 1017 3561 West.
1043 3511 1144 3567 Quidem
1156 3512 1235 3562 Bent.
1253 3527 1298 3576 pro

199 3578 406 3703 tiit-‘iiiiii‘
425 3576 760 3699 hinnientium.
772 3578 937 3705 iiiiii*
947 3577 1306 3704 hinnierunt

198 3707 262 3753 EM.
273 3705 394 3768 [nerpu]
410 3705 488 3756 Weot.
511 3706 606 3754 Omnia
616 3707 673 3755 haec
684 3707 727 3755 dat
739 3708 853 3756 ten-re
864 3707 917 3755 ET.
924 3706 1035 3770 junctim
1046 3706 1102 3760 Qun
1111 3705 1299 3764 eudociofooere

198 3775 291 3818 tontum
301 3769 401 3829 fucinus
414 3771 500 3819 undet?
515 3770 663 3819 Μαι-17
681 3771 711 3819 In
722 3771 990 3834 &suprascriptum
1011 3769 1134 3819 Atrinum
1147 3770 1195 3818 hoc
1207 3770 1298 3818 modo:

198 3835 286 3884 Annon
303 3834 349 3882 tihi
365 3836 516 3883 dehonestare
530 3839 622 3883 tontum
632 3834 743 3894 juvenem
764 3836 806 3884 hoc
827 3836 957 3884 monimum
974 3839 1024 3883 eet?
1041 3833 1083 3882 Id.
1116 3834 1209 3898 Audet]
1230 3835 1256 3885 J.
1272 3841 1300 3883 et

199 3899 315 3945 Venetus
335 3899 392 3949 cod.
405 3899 502 3959 serere:
518 3913 571 3947 non
591 3899 688 3961 inepte.
706 3901 774 3948 Peri.
809 3899 864 3947 Hoc
881 3901 1005 3947 omittunt
1021 3899 1100 3948 Bent.
1119 3898 1180 3960 Bip.
1201 3899 1298 3961 Delph.

198 3961 279 4010 Both.
291 3960 426 4012 Peri—18
444 3963 506 4020 Quis
516 3963 581 4012 honio
589 3977 634 4026 pro
643 3965 730 4012 moecho
741 3979 843 4026 unquam
853 3964 927 4025 uidit]
946 3962 1027 4012 Viden
1035 3977 1080 4026 pro
1091 3962 1158 4023 neni,
1175 3968 1203 4011 et
1214 3962 1300 4010 moeoho

198 4025 224 4073 in
236 4027 312 4074 'Pheei
323 4026 443 4088 deprimi.
466 4030 526 4078 Non
537 4028 574 4076 ita
584 4029 669 4077 Scene
681 4028 800 4091 proxima
812 4042 848 4077 rs.
858 4031 899 4076 22.
912 4030 919 4055 ‘
930 4027 1008 4076 Hunc
1021 4043 1067 4089 pro
1077 4028 1177 4074 moecho
1189 4026 1300 4090 purten!

198 4089 270 4151 Lege
280 4089 322 4138 hic
332 4104 403 4152 ergo,
422 4093 483 4148 Quin
493 4093 559 4141 homo
570 4107 673 4155 unquam
682 4107 725 4153 pro
744 4092 830 4141 moecho
846 4093 914 4141 uidit.
948 4091 992 4140 ita
1011 4105 1087 4140 vocer
1105 4092 1213 4154 ningnlae
1226 4098 1299 4140 reete

200 4151 339 4206 feriuntur.
356 4155 430 4204 Bont.
464 4157 652 4221 Obsequentur
674 4156 752 4207 Both.
777 4157 915 4207 Peri-19
931 4156 1081 4221 Deprehendi
1102 4156 1136 4207 G.
1160 4156 1214 4207 ET.
1235 4155 1298 4204 ΕΜ.
