2678 4694
116 288 181 355 576
487 297 519 343 r.
541 292 724 342 uenenum
747 290 838 340 aunt

115 448 180 512 Su.
203 444 272 516 Ubi
285 442 426 508 dicimus
440 438 569 521 redisse
584 444 630 513 tc,
646 440 681 501 et
697 452 811 516 rogere
824 435 872 497 nti

116 549 259 615 Veniret
273 544 317 609 ad
331 549 374 621 te,
388 541 506 606 mnlier
520 541 621 605 telam
636 537 759 602 deserit

117 649 298 723 Continuo,
313 650 347 709 et
361 643 518 726 lacrymis
533 642 651 725 opplet
665 659 706 704 os
719 643 826 704 totum
841 635 926 716 sibi;
950 641 989 699 nt
1173 632 1206 698 bl

118 749 236 816 Facile
249 748 365 824 scires,
380 743 551 808 desiderio
566 743 601 807 id
615 742 687 806 fieri
702 749 773 808 tuo.

119 852 227 918 Curru.
249 846 327 911 Prae
340 844 477 928 gaudio,
490 843 538 907 ita
551 862 604 907 me
617 841 665 906 Di
678 847 804 919 ament,
818 839 877 904 ubi
890 839 966 914 sim,
979 834 1118 900 nescio:

117 952 176 1018 Ita
190 949 296 1015 bmui.
341 945 448 1010 Catu.
469 942 519 1010 At
532 963 594 1026 ego
608 944 691 1008 nihil
705 961 784 1007 esse
803 941 946 1017 scibam,
965 936 1089 1002 Clinia.

118 1052 271 1134 Agedum
285 1046 446 1125 vicissim,
461 1043 554 1129 Syre,
569 1045 623 1108 dic
638 1064 716 1127 quae
730 1044 792 1108 illu
806 1041 851 1107 ’st
864 1040 992 1106 altera'l

120 1154 186 1218 Sr.
207 1150 419 1217 Adducimus
446 1155 540 1212 tuam
568 1146 783 1211 Bacchidem.
828 1143 934 1208 Cnrr.
966 1139 1077 1204 Hem!
1109 1135 1208 1222 quidt

248 1248 479 1316 Bacchideml
1175 1237 1210 1304 70

119 1353 193 1419 liro
207 1353 358 1428 sceleste,
380 1369 448 1433 quo
470 1349 565 1414 illum
586 1347 709 1412 dncisl
753 1345 819 1410 Su.
843 1343 921 1423 Quo
942 1341 1038 1407 illam
1064 1341 1154 1423 egoi
1174 1336 1209 1402 ad

251 1472 313 1517 nos
328 1451 466 1516 scilicet.

119 1556 225 1622 (inlr.
247 1554 304 1619 Ad
319 1554 514 1638 patremnel
558 1551 623 1616 Sr.
650 1548 707 1616 Ad
722 1569 798 1615 eum
813 1549 938 1632 ipsum.
982 1544 1090 1610 (intr.
1113 1544 1144 1608 Ο
1157 1544 1209 1608 ho·

250 1656 351 1719 minis
366 1654 588 1738 impudentem
603 1651 803 1716 audaciam!

123 1759 189 1824 Su.
233 1756 348 1821 Heus!
393 1754 473 1818 Non
493 1753 533 1818 fit
554 1754 627 1817 sine
646 1751 774 1835 periclo
788 1750 920 1816 facinus
933 1764 1090 1831 magnum
1104 1750 1140 1810 et
1152 1763 1212 1810 mc-

253 1854 428 1918 motabile.

127 2075 226 2131 Quando
235 2075 395 2126 miiammus
405 2081 429 2124 te
439 2088 556 2125 reserum
566 2089 616 2125 esse
630 2087 738 2140 peregre,
748 2079 815 2137 tepus
825 2085 877 2122 eam
884 2071 987 2136 precari,
1002 2075 1030 2120 ut
1045 2071 1079 2120 ad
1089 2075 1114 2120 te
1123 2071 1201 2121 υἰιιιιι
1207 2081 1214 2126 ,·

123 2139 187 2188 illice
197 2142 273 2204 puella
282 2141 368 2202 abiem
378 2142 449 2189 telam
459 2154 529 2204 quam
540 2141 643 2201 texebat,
654 2145 679 2188 et
692 2138 804 2204 mammis
819 2141 893 2185 totam
902 2135 993 2196 facicm
999 2136 1118 2200 perfudit,
1133 2137 1215 2184 adeost

124 2206 187 2253 clarc
203 2205 360 2268 iutelligeres,
368 2203 395 2253 id
403 2205 463 2269 fieri
478 2217 557 2253 amore
575 2209 599 2252 et
615 2204 745 2267 cupiditate
759 2202 796 2251 tui
804 2201 906 2250 ridendi.
938 2199 985 2249 Cn.
1003 2200 1044 2249 Ita
1054 2199 1114 2248 miii·
1125 2199 1216 2249 Diiat'rd

123 2268 233 2342 propitii,
243 2284 290 2318 uos
302 2283 354 2317 sum
369 2270 432 2331 apud
441 2282 547 2332 me,proe
557 2268 632 2317 nimia
641 2267 744 2323 letitiae
760 2267 818 2315 adea
827 2264 901 2314 metui
909 2263 984 2328 prius.
1018 2264 1078 2313 cnr.
1093 2265 1140 2324 At,
1151 2279 1165 2312 a
1177 2261 1216 2311 cti·

125 2346 228 2394 usa,ego
242 2333 343 2382 sciebam
360 2334 449 2381 amam
464 2346 513 2381 esec
523 2345 626 2393 causam,
642 2347 685 2381 cur
696 2335 818 2380 metueres.
853 2330 877 2377 0
894 2329 965 2393 Syre,
976 2330 1078 2389 agedum
1095 2328 1159 2389 refer
1175 2339 1217 2390 que

126 2400 163 2444 est
183 2395 226 2444 illc
246 2397 332 2445 abere.
364 2397 413 2445 Su.
428 2395 572 2446 Adducimus
593 2401 659 2444 mmm
675 2395 775 2444 amicam
791 2393 943 2443 Bacchidem.
977 2392 1035 2442 Cur.
1054 2391 1141 2442 Hem!
1156 2391 1217 2456 qaid?

127 2459 272 2508 Bacchidem
290 2459 424 2509 adducitis.t
440 2461 501 2521 Elio,
520 2475 534 2508 o
545 2458 688 2522 flagitiose!
703 2474 747 2522 que
757 2459 824 2507 dacia
834 2455 921 2506 mam?
953 2457 1001 2506 Str.
1020 2457 1073 2512 Quo
1084 2456 1153 2506 illesa
1162 2458 1218 2511 aus,

126 2527 215 2584 rogas?
230 2525 519 2573 certeadadesmostras·
552 2524 610 2573 cnr.
630 2523 717 2572 Utrum
733 2523 799 2571 ducis
817 2521 884 2570 iiiam
899 2522 961 2584 apud
976 2518 1090 2584 patrem}l
1123 2521 1171 2570 Su.
1186 2517 1219 2568 Ad

128 2589 267 2651 semipsum
280 2589 347 2637 duco.
388 2587 448 2637 Cur,
468 2588 492 2635 0
508 2586 665 2650 impudentes·
681 2586 805 2635 audaciam
820 2585 928 2635 maletuti
944 2583 1062 2635 inmissis!
1094 2584 1144 2634 Su.
1164 2583 1219 2632 lleus

129 2656 164 2716 tu,
174 2666 211 2701 res
221 2651 516 2714 insignissimorum
531 2666 578 2701 nors
595 2651 646 2700 sine
661 2650 797 2700 discrimine
813 2649 917 2711 gerice.
950 2649 1013 2698 Cer.
1030 2648 1097 2698 Illud
1108 2649 1175 2699 uide:
1189 2651 1221 2706 la,

587 2826 768 2848 WOO

128 2962 160 3008 di
178 2959 224 3008 Fa.
242 2957 311 3022 (iay.
326 2956 554 3007 exeemmesmtc.
587 2955 662 3008 Quod
682 2954 751 3006 forte
772 2957 924 3022 elegantius.
945 2959 1018 3008 West.
1051 2956 1165 3008 ‘Nostri
1177 2968 1221 3007 om·

128 3037 175 3071 nes
191 3022 293 3071 deserite
309 3026 337 3068 et
347 3021 385 3069 sic
397 3022 444 3069 Fa.
460 3020 488 3068 in
506 3026 589 3069 textu.
622 3021 714 3069 Placet
727 3028 813 3071 tamen
824 3022 928 3073 desum
945 3023 1089 3072 licut-bb
1107 3023 1185 3087 Vulg.
1201 3032 1222 3067 m

129 3090 150 3134 t.
161 3085 217 3146 sibi,
230 3085 263 3133 Ut
273 3084 350 3143 facile
359 3083 441 3140 scires,
456 3086 481 3132 d.
492 3084 510 3133 i.
518 3084 579 3149 fieri
598 3088 646 3142 iao,
664 3098 768 3147 prorsus
789 3086 950 3136 inconcinne.
983 3087 1015 3136 B.
1033 3086 1098 3135 scias
1105 3103 1115 3145 ,·
1136 3087 1182 3136 sed
1199 3080 1221 3131 ld

129 3147 1223 3276 ittttlittt‘ttlttritrttlitttittet‘tttttl‘itt

129 3273 197 3324 dicit
207 3288 275 3335 esse,
290 3289 366 3339 qoem
378 3274 532 3324 Adducimus.
548 3277 593 3325 Fu.
625 3276 736 3327 ‘Nostri
754 3291 842 3327 omnes
861 3229 1022 3328 Addcflcimua:
1046 3228 1223 3328 geepsngimnr

130 3339 173 3388 hic
182 3339 334 3389 Donatum!
343 3339 482 3389 Beni-'ll
492 3340 568 3402 Vulg.
577 3340 658 3389 ducis:
668 3341 712 3389 ssd
723 3342 756 3401 B,
766 3342 818 3391 (lu.
828 3346 852 3391 1.
862 3342 923 3391 Hel.
935 3348 963 3391 et
968 3341 1155 3406 lindenbrogii
1166 3340 1223 3389 liber

130 3402 205 3466 (nam
225 3402 321 3452 abducis
340 3401 476 3452 manifesto
498 3402 603 3468 fulsum)
623 3405 728 3465 adducis,
745 3407 849 3469 proprie
871 3414 899 3455 et
918 3420 989 3456 vere.
1012 3406 1088 3455 Botis·
1128 3402 1224 3457 Addam

131 3464 222 3517 Guelf.
244 3470 333 3516 2.-73
358 3467 389 3516 In
419 3468 492 3516 Bem.
514 3469 595 3518 dictio
617 3469 674 3518 brus
695 3469 856 3532 precedenti
885 3469 970 3522 versui
1001 3471 1160 3520 ascribitur:
1184 3480 1223 3516 rse-

130 3530 243 3580 mcrabile
261 3544 332 3594 sero,
361 3545 413 3580 non
438 3546 496 3581 cum
516 3533 701 3597 conjunctione
717 3539 750 3596 et,
776 3534 820 3582 sed
848 3547 906 3583 cum
931 3534 1072 3597 negatione
1098 3549 1149 3596 sec,
1165 3530 1225 3598 pori

132 3602 188 3644 tum
208 3601 250 3645 est
268 3596 316 3644 lroc
333 3594 420 3658 modo,
436 3611 478 3646 rec
493 3597 657 3646 memorabile:
674 3598 710 3646 ita
730 3597 841 3659 conjicio
859 3603 888 3647 et
906 3597 932 3646 in
951 3597 994 3647 Vi.
1008 3596 1105 3657 fnisse3
1124 3598 1172 3648 sed
1187 3595 1224 3643 de·

134 3659 196 3708 inde
213 3674 256 3708 mec
276 3666 404 3709 motatum
424 3668 464 3709 ent
487 3661 513 3708 in
534 3666 566 3709 rt.
584 3661 629 3709 Fa.
671 3661 790 3710 ‘Nostri
813 3676 900 3710 ornnes
917 3674 975 3711 cum
996 3662 1063 3725 Eng.
1080 3666 1105 3710 et
1121 3661 1224 3711 nubem:

132 3729 163 3771 nt
174 3725 266 3786 opinor
282 3725 387 3774 rectius.
421 3725 568 3785 corrector,
587 3725 676 3788 credo,
698 3725 816 3774 Bembini
835 3727 893 3774 cod.
916 3740 957 3774 uec
974 3727 1225 3790 poenitetntiam

131 3788 246 3836 lacerum
257 3789 408 3838 resarciret.
443 3786 503 3837 Alio
513 3789 666 3852 modoGny.
682 3790 731 3838 hoc
751 3795 893 3851 procurat:
912 3791 968 3838 Neu
976 3789 1012 3855 fit
1022 3790 1073 3839 siue
1082 3805 1107 3853 p.
1122 3797 1226 3853 mapsa

128 3849 227 3910 facinus
236 3858 259 3900 ei
269 3852 428 3902 memorabile.
445 3897 448 3901 .
460 3853 517 3914 Ego
528 3866 590 3902 vero
601 3853 666 3902 banc
678 3854 745 3902 riam
756 3853 847 3902 insisto
859 3867 866 3902 c
882 3852 943 3912 N-s.
955 3867 974 3902 s·
983 3868 1009 3916 p.
1015 3854 1115 3913 facinus
1122 3863 1227 3916 snagan

134 3918 370 3967 etcommemorabile.
404 3916 488 3966 l’orro
505 3923 590 3965 autern
608 3917 690 3967 nostri
706 3931 793 3966 omnes
812 3932 870 3966 cum
889 3917 950 3967 edd.
967 3924 1032 3966 vett.
1050 3917 1146 3967 temes
1155 3934 1166 3977 ‚·
1181 3926 1226 3965 aon

136 3985 239 4028 tantum
247 3979 310 4040 beas,
325 3990 354 4029 ut
368 3981 413 4031 Fa.
435 3983 536 4041 Recte;
551 3990 676 4031 ntrersos
686 3981 827 4045 quadratus
837 3990 864 4030 et
873 3983 964 4044 plenus
976 3981 1029 4030 sit!
1047 3981 1124 4032 Beni.
1140 3979 1226 4043 ‘Vult

135 4043 291 4093 inconcinne
299 4061 410 4107 maguum
420 4053 442 4094 et
454 4046 609 4108 memorabile,
620 4061 670 4108 ego
687 4046 797 4107 scriptos
807 4059 910 4110 sequior,
923 4061 964 4096 nec
978 4047 1128 4096 memorabile
1139 4044 1227 4096 baum·

72 4127 75 4133 ·
137 4106 195 4155 tes.'
213 4107 287 4158 Both.
319 4110 453 4162 ‘Quidam
470 4109 549 4162 codd.
563 4111 654 4175 scripti
666 4115 695 4158 et
711 4109 828 4174 impressi
839 4112 939 4176 legunt,
956 4107 1009 4162 Nec
1019 4110 1063 4175 fit,
1074 4117 1103 4162 et
1112 4110 1227 4175 mcx,iuc'
