2678 4694
389 641 1104 756 mnrrnomnrn

476 875 508 923 V.
525 873 555 924 C.
573 871 754 923 ortl‘rouls
772 808 878 923 vauls
895 871 1021 936 ROMAE,

265 1050 523 1119 PRAEFATIO
546 1050 602 1118 IN
624 1050 966 1119 PHORMIONEM
986 1052 1239 1120 TERENTII.

201 1265 299 1325 Hinc
322 1264 515 1337 Comoediam,
529 1265 716 1326 manifestum
738 1275 793 1338 est,
812 1266 894 1346 prius
913 1267 950 1326 ab
965 1266 1156 1346 Apollodoro
1171 1269 1225 1329 sub
1239 1267 1286 1326 alio

200 1363 328 1435 nomine,
342 1362 398 1421 boc
413 1371 469 1434 est,
486 1361 745 1439 Ἐπιδικαὲόμενον,
764 1361 869 1422 Groece
883 1363 1023 1442 scriptam
1037 1383 1118 1438 esse,
1141 1385 1231 1444 quam
1244 1365 1289 1423 La-

198 1460 293 1519 tinea
309 1459 446 1519 Terentio
466 1458 713 1520 Puonrrrorvrrr.
755 1459 954 1528 Quamobrem
973 1459 1059 1520 nulla
1077 1459 1227 1522 dubitatio
1243 1471 1290 1532 est,

197 1554 276 1615 hanc
290 1555 383 1615 solam
399 1573 465 1613 esse
479 1555 527 1615 cui
541 1574 648 1615 nomen
663 1556 757 1615 Poeta
770 1555 946 1616 mutaverit:
968 1568 1000 1617 et
1012 1577 1112 1619 errare
1125 1577 1191 1630 eos,
1208 1558 1290 1640 quiin

197 1653 255 1714 bac
266 1653 471 1715 Phormionem
481 1655 644 1735 parasitum
654 1664 761 1734 putant
772 1655 926 1715 alormula
937 1655 1008 1730 litis,
1026 1676 1122 1736 quarn
1131 1644 1291 1725 intenderit,

196 1750 395 1811 nominatum:
415 1771 484 1812 curn
497 1751 605 1811 Graeca
623 1751 726 1830 lingua
745 1751 836 1810 fiscus
856 1761 991 1829 sparteus
1004 1761 1036 1812 et
1056 1761 1195 1815 stramen
1208 1755 1291 1813 nauti·

195 1864 261 1905 cum
272 1845 315 1905 sic
329 1845 463 1905 dicatur:
485 1867 503 1906 a
517 1848 602 1926 cujus
616 1849 657 1906 rei
668 1847 714 1906 vel
735 1847 911 1928 capacitate,
925 1847 973 1908 vel
986 1847 1134 1924 utilitate,
1147 1851 1239 1931 etiam
1259 1851 1290 1908 ab

197 1939 378 2018 Apollodoro
389 1942 535 2028 parasitus
548 1942 733 2002 Phormionis
743 1944 863 2003 nomine
877 1953 1078 2023 nuncupatur.
1122 1945 1203 2007 Herc
1217 1947 1293 2028 igitur

197 2037 311 2116 proprie
329 2047 394 2099 tota
413 2039 536 2099 motoria
550 2048 606 2121 est,
629 2047 660 2098 et
680 2037 712 2096 in
734 2037 890 2099 affectibus
903 2038 1068 2099 constituta
1082 2059 1176 2118 paene
1189 2042 1295 2122 majori·

197 2133 265 2205 bus,
282 2153 371 2210 quam
385 2134 515 2194 comicus
529 2134 624 2214 stylus
645 2143 802 2216 posceret:
829 2134 887 2194 nisi
905 2134 988 2214 quod
1002 2143 1067 2194 arte
1082 2135 1193 2196 Po‘etoe
1207 2136 1295 2197 omnia

196 2227 350 2289 moderata
364 2242 444 2290 sunt.
485 2231 600 2290 Primas
618 2231 648 2289 in
663 2249 699 2290 ea
712 2239 821 2311 partes,
842 2241 877 2290 ut
889 2231 953 2309 ipse
968 2231 1066 2291 Poeta
1075 2234 1235 2312 professus
1246 2242 1294 2304 est,

196 2333 280 2385 tenet
293 2324 448 2393 Phormio;
471 2326 619 2386 secundas
631 2325 726 2395 Geta;
748 2327 850 2388 tertias
865 2327 1031 2408 Demipbo;
1056 2329 1191 2389 subinde
1204 2329 1293 2400 ceteri,

196 2428 285 2502 prout
297 2420 440 2507 cujusque
454 2432 538 2481 actus
553 2421 693 2481 ostendit.
735 2423 881 2503 Prologus
896 2424 1086 2484 Phormionis
1098 2426 1192 2487 nimis
1205 2427 1293 2486 conci-

196 2527 276 2578 tatus
288 2528 344 2589 est,
367 2516 442 2578 adeo
462 2528 496 2577 ut
515 2518 580 2597 ipse
605 2527 697 2577 semet
711 2519 801 2578 veluti
822 2519 1020 2600 reprehendat
1042 2522 1082 2581 ob
1106 2521 1191 2584 banc
1209 2524 1293 2604 ipsam

194 2614 400 2697 pervicaciam,
423 2609 454 2674 et
467 2613 554 2672 simul
569 2622 774 2694 argumentum
789 2633 853 2674 suae
868 2615 1053 2695 purgationis
1067 2616 1209 2679 inducat.
1248 2619 1293 2677 At·

195 2731 255 2790 que
275 2712 306 2771 in
327 2730 363 2770 ea
383 2730 451 2769 cum
465 2709 606 2780 Protasis,
623 2718 654 2769 et
670 2708 813 2788 Epitasis,
832 2721 864 2770 et
877 2709 1079 2792 Camstropbe
1092 2716 1200 2794 magni
1220 2713 1294 2774 moli·

194 2807 284 2868 minis
300 2819 330 2868 et
351 2806 463 2886 negotii
483 2806 561 2875 sint3
583 2807 626 2865 ita
639 2805 727 2865 variis
748 2805 899 2884 leporibus
921 2818 1137 2886 asperguntur,
1160 2822 1197 2872 ut
1213 2812 1292 2872 etiam

196 2923 293 2965 rerum
313 2902 440 2963 tristium
464 2902 637 2982 gravitatem
658 2902 752 2962 Poeta
772 2901 890 2981 lepidus
905 2904 1021 2972 comica
1044 2906 1211 2969 serenitate
1223 2919 1292 2968 trau·

193 3001 308 3081 quillet.
343 3000 418 3059 Haec
433 3010 500 3059 acta
514 3008 560 3057 est
572 2999 662 3060 Ludis
678 2999 912 3079 Megalensibus,
924 3001 1014 3061 lucio
1027 3001 1177 3064 Cornelio
1188 3003 1293 3073 Merula

196 3096 287 3156 main
300 3095 414 3168 curun,
428 3093 819 3158 etnrnuumronnno:
841 3097 998 3176 agentibus
1013 3096 1047 3158 n.
1061 3084 1293 3171 cassando,

195 3200 226 3250 et
240 3192 273 3249 L.
284 3192 436 3271 Ambivio:
458 3190 562 3250 modos
574 3192 700 3251 faciente
711 3192 820 3252 Flacco
834 3192 953 3253 Claudii
966 3193 1027 3252 filio
1048 3194 1133 3255 tibiis
1157 3197 1291 3266 Serranis,

140 3307 144 3314 ’
195 3299 317 3364 totaque
336 3286 473 3346 diverbiis
486 3287 683 3360 facetissimis,
698 3299 728 3347 et
742 3302 859 3368 gestum
873 3290 1116 3352 desiderantibus
1141 3295 1291 3367 scenicum,

194 3395 225 3444 et
237 3382 417 3444 suavissimis
431 3393 535 3442 ornata
556 3384 679 3444 canticis
700 3385 765 3445 luit.
807 3386 955 3465 Editaque
970 3395 1017 3446 est
1029 3401 1143 3465 quarto
1159 3390 1236 3465 loco,
1255 3391 1291 3449 M.

195 3481 325 3554 Valerio,
342 3490 372 3540 et
386 3480 423 3540 C.
436 3479 549 3541 Fannio
565 3481 653 3542 Coss.
695 3481 828 3543 Persona
841 3483 928 3543 etiam
943 3483 971 3541 in
988 3483 1078 3562 hujus
1100 3485 1224 3550 Protasi
1241 3507 1290 3547 non

194 3596 253 3636 una
274 3585 330 3648 est,
351 3575 405 3635 sed
424 3574 510 3636 duae:
536 3596 658 3656 quarum
681 3578 774 3638 altera
787 3588 870 3638 extra
891 3588 1100 3665 argumentum
1125 3570 1225 3663 posita
1244 3596 1290 3650 est,

194 3675 242 3733 cui
256 3682 390 3732 narratur
404 3672 536 3732 Fabula:
558 3673 651 3733 altera
672 3674 701 3732 in
721 3685 905 3753 argumento,
926 3695 995 3754 quae
1016 3687 1124 3738 narrat
1147 3679 1287 3740 Fabulam.

194 3770 408 3848 Argumentum
423 3787 540 3847 quoque
559 3788 618 3827 non
630 3768 770 3848 simplicis
785 3771 895 3850 negotii
913 3771 1020 3832 babet:
1042 3793 1100 3833 nec
1116 3777 1207 3837 unius
1227 3776 1287 3836 ado·

195 3862 344 3938 lescentis‚
359 3876 392 3924 ut
410 3865 439 3922 in
461 3864 622 3924 Hacvnn:
645 3866 698 3925 sed
713 3867 847 3937 duorum,
870 3878 904 3925 ut
916 3868 1022 3927 ceteris
1044 3869 1183 3932 Fabulis.
1218 3872 1284 3931 Scire

195 3967 293 4017 autem
313 3960 460 4030 convenit,
481 3980 541 4018 uno
562 3959 609 4018 die
627 3961 750 4039 transigi
764 3960 1021 4021 Puonmrorveu:
1045 3984 1120 4038 non,
1137 3978 1173 4026 ut
1187 3968 1283 4025 Hanu-

196 4072 523 4128 rourrmoauunuou,
535 4056 660 4118 duobus.
702 4055 847 4136 Prologus
858 4067 991 4138 correpte
1002 4059 1061 4122 ἀπὸ
1076 4077 1129 4124 τοῦ
1145 4070 1280 4144 προλέγεᾼν
