2678 4694
371 285 531 343 uectum
556 286 639 332 sot.
657 284 695 335 u.
718 286 769 335 sc.
784 289 810 334 1.
1065 272 1132 353 stt,

87 451 117 496 is
133 430 318 496 habitatum
335 429 414 507 abii,
430 429 620 495 concedens
635 429 744 507 vobis,
760 436 793 496 et
806 431 854 495 roi
869 432 1039 514 serviens;

88 542 179 599 mtus
194 539 327 612 vestros
341 533 512 620 otiumque
527 539 565 598 ut
579 538 694 601 nostra
708 552 760 596 res
775 539 891 615 posset
904 535 987 618 pati,

87 658 124 702 eo
138 636 250 699 labori
272 634 360 699 haud
383 657 535 719 parcum,
562 642 686 720 praeter
710 655 843 720 aequom
870 644 970 721 atque
996 643 1131 703 oetatem

169 757 291 802 meum.

87 860 121 903 m
137 847 170 903 te
185 860 246 922 pro
261 839 313 902 his
329 859 465 905 curasse
481 843 592 919 rebus,
606 861 647 905 nc
663 840 744 926 quid
759 861 846 924 segre
859 853 952 906 esset
966 843 1072 909 mihit
1087 842 1130 908 30

90 986 98 1003 .
123 940 201 1004 Non
221 960 299 1003 mea
313 959 425 1023 opero,
447 962 556 1026 neque
573 943 633 1026 pol
648 944 747 1027 culpa
762 945 883 1009 evenit.
927 943 994 1009 LA·
1016 945 1126 1011 Immo

167 1061 332 1105 maxume.

87 1146 121 1209 ts
134 1145 190 1209 hic
203 1144 315 1210 fuisti:
338 1143 372 1207 iu
386 1151 416 1208 te
431 1146 538 1211 omnis
552 1146 658 1212 haeret
672 1147 774 1233 culpa
790 1149 876 1226 solo,
891 1146 1054 1217 Sostrata.

87 1267 127 1311 ree
140 1248 195 1312 hic
210 1255 315 1325 erant,
331 1266 476 1326 curares,
492 1269 567 1314 cum
582 1270 642 1331 ego
656 1270 717 1314 vos
732 1251 818 1315 solvi
831 1252 921 1315 curis
936 1252 1066 1316 ceteris,

87 1369 125 1414 ,m
139 1350 254 1432 puella
270 1370 369 1415 anum
385 1351 576 1433 suscepisse
591 1351 795 1428 inimicitias,
809 1371 873 1416 non
889 1352 1020 1436 pudett

87 1452 138 1514 ius
160 1451 253 1516 dices
277 1453 376 1537 culpa
398 1453 534 1517 sactum.
579 1453 638 1518 Su.
662 1452 768 1518 Haud
792 1453 948 1538 equidem
972 1453 1060 1531 dico,
1082 1453 1128 1517 mi

168 1553 310 1618 Laches.
660 1570 665 1579 ·
1086 1556 1130 1620 35

87 1702 104 1720 ..
128 1653 284 1734 Gaudeo,
306 1657 353 1722 itu
378 1677 431 1722 me
456 1655 500 1722 Di
523 1659 653 1723 omenti
676 1657 766 1740 gnati
780 1675 910 1735 causa3
931 1676 1008 1722 nom
1030 1657 1071 1721 de
1093 1664 1129 1721 te

169 1758 315 1841 quidem,

87 1861 128 1926 tis
143 1861 227 1938 scio,
244 1860 417 1944 peccando
431 1861 620 1926 detrimenti
634 1862 716 1927 nihil
729 1863 800 1927 fieri
816 1870 938 1948 potest.

87 2009 95 2026 .
121 1955 192 2041 Qui
216 1963 296 2040 scis,
320 1983 364 2026 on
390 1985 431 2027 ea
457 1966 640 2043 causa,.mi
663 1967 723 2043 vir,
746 1986 800 2030 me
824 1967 938 2032 odisse
952 1966 1130 2032 assimulo-

164 2066 259 2142 verit,

100 2188 177 2232 oum
193 2174 296 2231 matre
310 2168 388 2251 plus
405 2189 472 2233 una
495 2171 607 2234 essett
650 2168 716 2234 LA.
740 2166 832 2246 Quid
856 2169 931 2232 aist
954 2187 1020 2230 non
1043 2168 1129 2249 signi

163 2271 229 2335 hoc
245 2275 298 2334 sot
312 2278 375 2348 est,
891 2270 893 2274 '

87 2431 377 2494 cumadmiratione
388 2436 415 2484 ire
423 2435 479 2485 erbe
490 2436 581 2498 essetis,
592 2435 627 2484 rei
632 2433 761 2494 feriende,
772 2438 796 2481 et
804 2433 918 2494 regmos
928 2433 1096 2494 bonooperum,
1103 2436 1130 2480 ot

87 2497 160 2546 ttotes
170 2503 266 2560 uedeo,
285 2512 337 2560 quoe
347 2506 402 2547 sont
418 2500 552 2562 mediocres,
568 2502 698 2564 sufficerent
710 2498 796 2546 uestris
812 2497 936 2558 semibus,
955 2502 980 2546 et
989 2498 1048 2546 uitur.
1057 2497 1131 2546 otiose

87 2563 154 2622 etdae,
174 2562 248 2610 iuberi
257 2564 350 2611 meidue
360 2564 502 2619 inscribens,
522 2579 574 2612 cem
585 2565 674 2627 aquius
683 2568 742 2611 esset
751 2577 793 2610 vos
808 2562 834 2610 id
844 2563 937 2621 sotere,
952 2567 977 2609 et
987 2577 1032 2617 me,
1043 2561 1084 2623 qui
1094 2575 1130 2608 se

87 2630 127 2674 ete
136 2625 243 2688 instrenuo
253 2642 313 2681 som,
325 2628 447 2689 quiescere.
482 2631 565 2677 Nonne
571 2643 614 2691 pro
625 2628 662 2676 bis
671 2626 771 2684 meritis,
782 2625 875 2686 ingenti
884 2640 940 2674 euru
954 2627 1049 2675 studere
1058 2623 1129 2670 debu·

94 2705 124 2738 ite
134 2689 182 2737 uua
194 2691 301 2739 molestia
311 2692 371 2740 mibi
387 2693 554 2741 exhiberetur?
586 2693 631 2740 So.
649 2693 697 2739 Per
712 2692 832 2739 Pottueem
842 2704 888 2737 nou
899 2702 948 2737 meo
958 2690 1046 2749 studio,
1056 2702 1130 2750 neque

87 2770 103 2802 u
112 2753 207 2802 occidit.
240 2756 288 2804 Im.
307 2757 358 2804 [mo
368 2757 469 2805 maxime
474 2773 517 2820 per
527 2761 552 2804 te
561 2757 686 2816 idsuctum
697 2760 739 2803 eet.
773 2755 829 2802 Solu
840 2753 988 2813 domisuisti,
998 2752 1129 2815 qwfottei·

87 2839 90 2864 r
107 2832 217 2878 regeres.-
232 2819 259 2867 ire
276 2825 301 2868 te
320 2822 370 2868 eota
388 2822 463 2869 omnis
480 2823 547 2883 culpo
563 2823 611 2869 sito
630 2826 675 2880 est,
693 2819 809 2868 moram
841 2818 981 2866 Donousa
998 2817 1130 2866 reimerum

87 2896 123 2932 tre
130 2883 241 2944 debuisti,
252 2899 305 2932 cum
315 2898 357 2943 ego
373 2900 413 2934 eos
430 2886 527 2934 liberabi
545 2886 600 2934 otiis
612 2883 807 2941 solicitudinibus,
818 2887 842 2931 et
852 2883 963 2930 admenta
971 2895 1029 2943 poro
1039 2895 1071 2929 ex
1080 2882 1130 2929 etti·

87 2963 90 2995 ι
106 2947 169 3008 ueri.
203 2949 289 2996 Nerine
308 2949 423 2998 erubescis
440 2952 535 3013 pedore,
552 2949 691 2998 inimicitius
704 2954 730 2997 te
744 2948 845 2996 vetum
853 2961 906 2994 eum
919 2945 997 3007 puello
1007 2951 1131 3018 excerceret¹

87 3013 194 3060 emerito
204 3013 352 3074 respondebis
365 3015 390 3062 id
401 3013 523 3064 evertisse?
555 3015 600 3063 So.
619 3015 676 3062 Non
684 3026 741 3061 sorte
750 3013 803 3060 dieo
813 3012 879 3073 culpo
888 3010 982 3070 fuctum
993 3011 1086 3072 puelle,
1097 3023 1131 3056 me

87 3076 134 3124 hee.
158 3077 206 3124 Iit.
224 3076 284 3125 Fitii
295 3078 341 3126 mei
349 3079 432 3138 gratio
440 3081 540 3140 gaudeo,
549 3081 586 3127 ito
594 3078 654 3127 irriti
665 3078 710 3126 Dii
715 3075 825 3137 foveant,
835 3089 888 3123 eum
897 3076 969 3123 tutem
978 3074 1062 3122 bubeot
1071 3087 1130 3121 oee-

87 3141 549 3257 rttmrmtirttr*
555 3157 632 3256 ,Ψ
642 3144 702 3257 ’Ψ
712 3139 1129 3262 ΨΨΖΨΖΖΨΨΨΨΨ,

609 3239 617 3255 e
687 3241 693 3256 ι
1125 3237 1132 3260 t

96 3270 204 3330 pmequi
212 3283 263 3330 pm
280 3285 306 3318 ee
316 3272 407 3327 tuterit,
418 3278 445 3321 ret
456 3267 508 3322 omn
518 3279 595 3322 matre
605 3287 648 3320 mu
658 3271 761 3321 erebrius
769 3239 974 3318 cenomansi,
998 3269 1049 3317 Im.-
1063 3267 1130 3323 Quid

492 3399 675 3421 ΟΙΙΜΜΝ

88 3510 141 3558 eso,
155 3495 220 3558 legit
237 3496 325 3545 edisses
342 3494 431 3546 Guelf.
444 3502 532 3548 s.-et
551 3501 588 3549 Re
598 3501 742 3548 Rom-29
758 3496 861 3558 AEqutem
872 3500 896 3544 et
912 3493 962 3544 duo
974 3494 1040 3542 Mss.
1055 3490 1129 3538 Boeet.

87 3560 160 3610 ΡΜ.
172 3569 200 3609 et
211 3560 267 3610 ΕΡ.
277 3561 353 3621 uertit,
365 3561 432 3624 quod
443 3562 532 3611 taiidat
542 3563 613 3611 Riv!
628 3559 942 3620 Wese-ss‘umpmttce
952 3559 1017 3617 tegit
1028 3555 1066 3603 Μ.
1072 3553 1130 3630 Soio

97 3625 145 3684 tic,
156 3640 219 3673 voce
232 3625 240 3652 ‘
252 3625 322 3674 sota'
334 3627 440 3674 tertium
453 3626 582 3689 repetita!
594 3626 670 3678 West.
697 3624 720 3673 Α
730 3621 850 3671 mrisduo
860 3622 924 3671 Mss.
935 3634 951 3668 e
961 3620 1043 3668 Boect.
1054 3623 1082 3667 et
1093 3632 1131 3666 suc

93 3690 154 3753 e'gt.
180 3689 300 3754 Quinque
319 3689 352 3738 eri
371 3690 475 3749 nostris,
492 3706 507 3739 o
525 3691 595 3755 eteris.
629 3691 669 3740 Ex
688 3687 776 3750 Regiis
794 3700 868 3746 unsis,
880 3699 923 3745 ego
937 3684 995 3759 sotei
1013 3684 1076 3730 cteris
1088 3691 1130 3731 uos

87 3753 126 3802 tit.
160 3753 241 3802 Dedit
260 3759 361 3813 auctor,
377 3771 427 3818 suo
440 3769 518 3816 more,
532 3757 591 3815 Cum
602 3770 645 3816 ego
664 3770 706 3802 vos
722 3750 785 3800 curis
802 3749 860 3798 sotei
878 3754 971 3825 temne.
987 3748 1130 3796 Bent-bs

87 3831 123 3867 see
133 3833 157 3866 ee
168 3832 255 3866 omnes
266 3819 329 3866 Mss.
344 3819 413 3882 apud
431 3820 512 3869 Boect.
524 3820 599 3869 etsie
611 3818 656 3868 Bt.
668 3817 743 3868 Bodt.
759 3816 830 3878 Lips.
843 3813 899 3863 ΕΡ.
917 3815 992 3862 odisse
1001 3826 1026 3860 ee
1037 3810 1129 3860 omisso

87 3880 186 3932 M.-so
203 3881 260 3930 Lib.
278 3882 358 3946 antiq.
375 3899 422 3931 uuo
438 3886 497 3946 ptris.
514 3884 586 3933 Peri.
614 3884 674 3932 Ptu's
686 3897 742 3931 uuo.
767 3879 811 3929 Ito
822 3879 966 3928 collocatur
977 3876 1003 3924 iu
1015 3875 1128 3943 antiquis

87 3962 110 3996 n.
129 3954 157 3994 et
168 3947 228 3995 Bas.
241 3952 269 3994 et
280 3948 332 3995 Do.
345 3947 390 3995 Fo-
413 3948 503 3997 Nostri
522 3962 631 4012 quoque,
647 3948 700 4010 ptus
715 3948 763 3995 urea
780 3948 846 3993 emet·
863 3942 939 3990 Beut.
950 3939 1024 3990 Bem.
1040 3946 1069 3990 et
1086 3938 1130 3990 elii

87 4010 490 4139 ttttttttt’tttttttttt
499 4005 1061 4126 'istieiboNii“ibi‘“i¹¹1='¹⁸i'iiii'ii’
1072 4020 1089 4069 ¹²
1091 4019 1130 4120 tt
