2678 4694
380 123 552 173 nunucru
578 124 661 172 ncr.
683 125 717 171 v.
740 124 791 174 sc.
817 127 850 173 v.
1093 115 1158 182 517

59 267 161 344 Dico,
187 265 283 431 egico
298 267 407 344 vobis,
421 273 569 333 nostrum
583 288 658 334 esse
674 269 770 334 illum
779 270 913 336 herilem
928 271 1049 338 filiumss
1091 273 1163 337 Pr·

233 387 298 443 em,
1120 377 1165 442 20

58 469 228 548 Obsecro,
251 490 292 533 an
319 472 349 533 is
376 473 452 535 esti
499 472 566 537 Pu.
590 475 645 539 Ne
669 496 770 558 quam
792 477 829 539 in
850 477 946 542 illum
971 478 1077 543 Thais
1092 480 1162 544 vim

191 571 265 636 fieri
280 573 379 636 sinat.
492 579 495 583 ’

54 673 178 757 Atque
200 674 286 738 adeo
311 682 424 739 autem
450 695 508 739 cur
525 696 589 741 non
604 687 735 761 egomet
750 680 834 743 iutro
848 682 915 743 eol
961 680 1029 746 Pr.
1054 680 1157 751 Vide,

193 775 375 855 Parmeno,

57 876 152 956 Quid
167 899 260 962 agaS,
276 900 318 943 ne
341 900 448 963 neque
471 881 521 944 illi
545 882 672 964 prosiS,
695 891 729 947 et
752 890 789 947 tu
815 904 959 967 pereus;
993 905 1069 949 nam
1091 885 1159 951 hoc

194 988 326 1065 putant,

58 1083 236 1167 Quicquid
251 1085 376 1148 factum
392 1089 454 1162 est,
469 1104 513 1148 ex
534 1089 568 1149 te
593 1105 671 1149 csse
696 1093 817 1152 ortum.
863 1089 928 1153 Pa.
952 1088 1043 1169 Quid
1060 1090 1159 1172 igitur

188 1187 313 1251 faciam
327 1188 448 1252 miseri

60 1287 196 1367 Quidve
217 1289 405 1372 incipiaml
437 1291 528 1356 Ecce
545 1296 656 1355 autem
680 1294 780 1358 video
805 1312 878 1357 rure
900 1293 1090 1359 redeuntem
1106 1317 1162 1362 se·

192 1410 281 1456 nem.
1118 1403 1162 1465 25

61 1492 184 1557 Dicam
200 1491 289 1569 huic,
305 1512 347 1556 an
361 1495 449 1557 noni
482 1496 591 1561 dicam
608 1497 730 1574 hercle,
745 1499 808 1562 etsi
822 1500 903 1563 mibi
919 1520 1074 1583 magnum
1088 1522 1160 1568 ma·

189 1593 260 1657 lum

61 1802 95 1849 Ac
104 1816 133 1850 nc
144 1802 188 1850 boc
198 1802 322 1863 ignoretis,
333 1803 444 1866 Pythice,
456 1804 549 1864 nuntio,
565 1804 677 1852 denuntio
694 1805 766 1864 nobis,
783 1806 850 1854 illum
867 1821 917 1854 esse
928 1808 1003 1855 nostri
1014 1808 1159 1871 bonifilium.

62 1867 111 1914 Pr.
129 1866 216 1915 Hem!
231 1883 317 1928 queso,
331 1883 362 1915 un
373 1867 394 1915 is
405 1873 455 1915 esll
487 1868 538 1916 Pa.
558 1868 680 1930 Nequam
696 1869 722 1916 in
742 1872 808 1918 illum
825 1871 960 1919 contritam
972 1872 1076 1920 exerceri
1090 1873 1161 1920 Tlmin

60 1932 189 1991 perndttut.
223 1931 297 1980 Imnw
309 1931 388 1987 etium,
407 1946 448 1980 cnr
459 1947 505 1979 non
515 1947 559 1992 ego
569 1935 632 1979 intro
643 1934 734 1981 domum
745 1933 867 1998 irrumpo?
900 1935 953 1983 Pr.
967 1937 1006 1984 Nc
1017 1937 1161 1995 bocsucius:

61 2010 127 2044 cure:
144 2010 187 2043 nec
198 1996 260 2044 enim
275 1996 446 2055 illuminareris
464 2000 488 2043 et
507 2002 530 2044 te
548 1997 666 2057 perditum
676 1998 754 2045 iveris.
788 1999 844 2047 Hoc
854 1999 916 2047 enim
925 2001 1033 2060 credunt,
1045 2005 1069 2048 te
1079 2000 1159 2061 indue,

61 2060 226 2120 morracium
244 2066 289 2119 est,
305 2065 511 2122 quantumcumque
526 2060 568 2118 eit,
588 2076 636 2108 eme
655 2066 779 2111 ductorem.
816 2065 864 2112 Pa.
884 2064 949 2119 Quid
966 2063 1045 2125 igitur
1061 2065 1161 2127 socium,

10 2137 12 2140 ’
62 2123 159 2183 infelix?
177 2125 269 2181 Quidve
284 2124 430 2186 aggredior?
446 2126 508 2172 Ecce
526 2129 605 2172 autem
623 2126 708 2188 ospicio
724 2141 803 2175 senem
813 2127 985 2176 donmeviiio
994 2129 1020 2177 in
1031 2130 1111 2178 urbem
1121 2145 1159 2178 rc·

37 2223 38 2226 η
62 2193 193 2238 rotemero.
230 2191 295 2239 Num
315 2191 352 2237 ilii
371 2189 447 2237 ἀὶεαηι
459 2189 513 2254 filii
534 2189 671 2252 periculum,
689 2205 721 2237 an
740 2197 803 2239 non?
821 2192 942 2240 Nnntiobo
960 2209 1003 2256 per
1023 2193 1159 2255 Herculem,

525 2359 703 2379 moen

67 2485 139 2534 Wect,
175 2483 229 2532 Hic
241 2497 328 2531 versus
340 2490 379 2531 est
391 2482 540 2531 octonarius
553 2482 686 2542 iambicus,
704 2497 762 2530 cum
782 2481 824 2530 elii
842 2482 914 2544 liujus
932 2497 1018 2530 sceuae
1039 2484 1090 2532 sint
1110 2490 1161 2533 tro·

64 2550 141 2596 clinici
156 2547 305 2597 catalectici
316 2563 323 2606 ;
340 2547 384 2595 ced
397 2547 547 2595 indictione
561 2546 713 2607 Deprehendi
724 2547 826 2594 varient
838 2547 855 2594 l.
869 2563 888 2595 s.
903 2547 945 2594 alii
956 2548 1023 2595 enim
1032 2548 1161 2610 Deprendi,

63 2614 101 2660 alii
113 2612 277 2676 Appreltendi.
311 2612 385 2661 Bem.
405 2619 432 2659 et
444 2612 476 2660 V.
492 2610 613 2658 Prehendi
621 2626 631 2667 ;
647 2625 704 2673 queo
725 2610 786 2658 mihi
802 2611 881 2658 lectio
901 2611 1041 2671 probatur:
1061 2627 1094 2660 ex
1111 2629 1162 2676 qua

62 2677 128 2726 facio
142 2677 243 2736 l’rendi,
259 2676 322 2724 duni
338 2677 364 2724 in
385 2691 460 2724 onam
482 2675 580 2737 priores
600 2675 712 2738 syllabas
732 2673 924 2723 contrahendo:
944 2677 1087 2735 praesertim
1103 2691 1162 2726 cum

62 2743 157 2807 aliquot
171 2741 232 2789 libri
243 2756 300 2789 enm
312 2748 413 2804 partem
424 2741 462 2786 ita
479 2747 640 2789 contractum
659 2738 771 2788 habeant
789 2739 815 2786 in
827 2739 957 2801 Deprendi.
976 2739 1021 2787 Fa.
1055 2741 1162 2790 Duobus

61 2807 175 2869 exceptis
187 2820 275 2854 omnes
288 2806 369 2853 nostri
380 2805 517 2862 Prehendi,·
534 2806 582 2853 hoc
594 2813 644 2865 est,
662 2812 690 2852 ut
702 2804 827 2863 Faernus,
845 2805 943 2853 Prendi.
960 2804 1036 2853 Bent.
1071 2806 1163 2854 Prendi

62 2872 118 2932 Bip.
131 2870 212 2918 Both,
246 2870 370 2931 Deprendi
382 2870 478 2930 Delplt.
510 2870 580 2917 Anne
599 2884 645 2930 pro
664 2870 709 2929 Ar,
725 2884 754 2917 ne
771 2867 859 2917 Guelf.
879 2872 903 2915 2.
926 2875 952 2916 et
972 2868 1069 2916 Z.-20
1088 2871 1162 2920 Edico

61 2935 133 2999 vobis]
151 2935 218 2983 GM.
230 2939 254 2982 et
265 2935 329 2983 edico
340 2933 394 2981 tibi.
411 2934 547 2982 Peri-21
566 2934 698 2995 Nequam,
720 2937 760 2995 irc.
779 2933 917 2981 Existimat
930 2933 1011 2982 Buecl·
1029 2934 1162 2984 Donatum

62 3001 114 3049 bec
137 2998 221 3047 verba
241 2999 340 3062 Pyuuae
362 2999 485 3059 tribuere,
502 2997 651 3061 laudatque.
686 2999 791 3046 Cottius
809 2998 833 3045 id
857 3004 999 3058 constaret,
1015 2999 1037 3045 si
1055 2998 1164 3062 integris

63 3064 167 3113 vocibus
178 3077 303 3125 expressa
314 3070 400 3111 essent
411 3064 495 3110 onmia
505 3063 614 3111 Donati.
647 3061 698 3111 Ubi
710 3063 777 3110 cuim
787 3063 899 3124 dixerat,
916 3063 1014 3112 ‘Quam
1026 3062 1092 3112 bene
1105 3078 1164 3125 pro·

62 3129 131 3178 videt
151 3126 260 3190 Pythius
269 3127 284 3174 l'
302 3126 392 3174 addit:
410 3130 487 3189 ‘quae
500 3127 618 3189 equidem
631 3143 655 3175 o.
667 3142 693 3174 u.
706 3141 732 3174 n.
746 3141 765 3176 s.
776 3127 793 3174 i.
808 3126 835 3175 t!
868 3125 1056 3190 Quodcumque
1075 3127 1164 3191 fuerit,

60 3194 141 3242 ,verba
154 3193 282 3240 edicentis
292 3199 319 3239 et
331 3190 519 3239 interminantis
533 3191 659 3240 Pbaedriae
672 3206 728 3240 esse
747 3192 873 3239 videntur.
907 3191 952 3239 Sin
974 3193 1048 3239 aliter
1066 3192 1163 3256 capias,

62 3260 141 3306 multu
181 3258 215 3304 de
228 3257 252 3303 vi
265 3255 400 3303 verborum
413 3255 540 3303 decedere
552 3270 657 3305 necesse
669 3262 716 3305 est.
752 3257 845 3318 Neque
866 3254 942 3304 aliter
959 3261 1021 3319 apte
1040 3259 1101 3304 satis
1120 3271 1163 3304 co·

62 3323 148 3372 buren
173 3322 232 3369 illa:
251 3318 356 3384 ‘Atque
369 3322 433 3368 odeo
446 3328 532 3367 autem
549 3335 595 3368 cur
615 3335 666 3368 non
684 3329 787 3380 egomet
807 3322 874 3368 iutro
891 3319 949 3367 eoi'
984 3320 1165 3369 Prohihirume

63 3388 223 3448 militeque
242 3385 280 3432 vis
298 3384 344 3432 fiat
365 3386 389 3433 in
411 3385 555 3433 cuaeream.
578 3386 652 3435 West.
686 3385 747 3439 Quis
762 3400 808 3446 pro
827 3399 858 3432 un
874 3386 895 3431 is
913 3385 1008 3443 Delpb.
1042 3385 1163 3446 Enmpro

61 3452 126 3501 illam
134 3451 243 3509 videtur
253 3449 347 3512 legisse
358 3451 424 3511 Eug.
460 3449 527 3498 Fieri
537 3450 586 3496 vim
596 3450 641 3497 dat
650 3450 794 3498 Boiu-ns
813 3450 877 3497 Num
895 3450 937 3496 boc
952 3450 987 3495 ita
1004 3446 1091 3497 Guelf.
1105 3453 1164 3496 1.-

61 3520 93 3565 24
110 3515 204 3566 Nostri
214 3513 269 3561 fere
281 3528 368 3562 ornnes
385 3529 399 3561 o
418 3520 450 3561 te.
468 3513 546 3561 Bent.
580 3513 623 3561 Sic
636 3514 682 3561 Bt.
695 3514 837 3562 Rom-25
856 3513 894 3560 Dc
906 3527 961 3560 rure
973 3509 1061 3560 Guelf.
1074 3516 1164 3564 3.-26

63 3579 130 3644 Guy·
142 3581 168 3629 in
180 3577 364 3628 SclroliisMss.
375 3578 462 3625 Dicam
473 3578 556 3633 hercle,
573 3579 657 3626 dicum.
675 3579 758 3627 Wcst.
792 3578 843 3626 Hic
856 3591 953 3633 versus,
970 3576 1013 3638 qui
1033 3584 1062 3623 ut
1081 3579 1165 3628 ceteri

61 3647 229 3694 'l'etrameter
240 3655 297 3690 esse
309 3642 408 3699 debuit,
425 3648 481 3690 toto
493 3642 559 3705 pede
573 3642 674 3689 brevior
685 3649 732 3690 est.
759 3641 811 3690 Sed
821 3648 915 3704 praesto
927 3641 1000 3688 adest
1011 3641 1049 3687 vir
1062 3641 1164 3705 doctus,

62 3710 103 3772 qui
115 3710 188 3757 nulla
208 3720 292 3769 neque
309 3707 335 3754 in
353 3705 477 3755 ‘Dicam’
497 3720 582 3768 neque
603 3708 628 3753 iu
649 3707 766 3754 ‘hercle’
785 3706 890 3754 elisione
908 3703 979 3752 fecte
999 3705 1102 3770 pedem,
1117 3709 1164 3756 sed

62 3774 185 3836 ligneum,
202 3771 362 3834 suppeditat.
396 3771 454 3821 Quo
467 3785 527 3819 veto
539 3771 659 3833 exemplo
671 3772 741 3818 nulla
751 3771 793 3818 hic
811 3770 857 3817 tiet
872 3769 962 3817 elisio?
996 3771 1101 3832 Plauto,
1118 3773 1165 3834 uit,

63 3837 109 3887 boc
126 3836 259 3901 frequens„
292 3836 401 3884 Miseret
418 3848 458 3882 me
476 3833 593 3898 profecto
613 3835 712 3894 Plauti,
729 3836 771 3898 qui
789 3834 907 3882 omnibus
927 3834 1020 3883 erretis
1041 3845 1165 3898 patronus

65 3903 213 3951 accersitur.
246 3901 286 3948 Τιι
304 3914 404 3948 mecum
424 3901 491 3962 lege,
508 3900 594 3948 Dicam
612 3899 674 3960 nuic,
697 3915 727 3946 un
745 3914 792 3946 non
809 3895 905 3947 dicum?
921 3900 997 3947 dicum
1016 3901 1102 3964 hercle,
1119 3907 1165 3966 etsi

64 3968 119 4017 milti
137 3980 254 4028 magnum
271 3965 367 4014 inuium.
386 3965 463 4013 Bcut.
498 3965 646 4029 Sequuntur
667 3964 741 4014 Both.
761 3965 831 4013 Perl.
865 3963 948 4013 Etiam
966 3973 1026 4028 post
1043 3966 1166 4044 ‘beroien
1257 3965 1260 3989 ³
