2678 4694
392 367 557 416 urorum
582 367 663 417 sor.
686 368 742 419 su.
765 367 817 416 so.
842 370 866 417 ι.
1109 353 1174 420 837

70 506 212 574 Accede
238 508 392 596 propius.
453 510 561 576 Hem!
593 510 784 577 sensistin’l
844 512 945 575 Psu.
969 511 1051 576 Noli
1076 510 1174 576 iabu-

72 711 143 775 Pro
162 611 321 796 1υὲῗέἶέ
343 715 518 779 clamorem
540 701 651 780 audio.
696 714 790 780 Pau.
812 715 902 780 Tuta
925 715 1100 799 loqueris:
1122 735 1175 780 ma
1222 803 1224 808 Ι

205 834 227 877 v
303 863 310 878 ·
1073 835 1076 840 .

71 913 154 978 Mu.
174 822 445 997 Tagtgsobsecro,
459 939 535 984 urea
550 877 661 1003 gnata⁸
697 919 796 985 Pau.
820 919 942 984 Matris
958 939 1027 985 vox
1041 920 1116 986 visa
1130 918 1174 985 ’st

203 1018 419 1087 Philumenae.
1172 1100 1174 1106 Ι

72 1117 203 1185 Nullus
220 1140 304 1186 sum.
341 1122 435 1188 Pau.
451 1122 521 1202 Qui
537 1124 638 1188 dumi
675 1124 773 1188 Pau.
790 1122 900 1187 Perii!
934 1123 1028 1187 PAR.
1045 1122 1172 1202 Quam·

202 1223 338 1287 obromi
382 1224 481 1291 Pau.
506 1224 634 1290 Nescio
650 1225 741 1308 quod
756 1243 911 1306 magnum
927 1224 1053 1287 malum

67 1323 240 1401 Profecto,
265 1325 441 1405 Parmeno,
469 1349 523 1392 me
551 1328 652 1393 celas.
707 1326 802 1389 Pau.
826 1324 974 1389 Uxorem
999 1325 1169 1390 Philume-

200 1443 277 1490 nam
622 1462 625 1475 ·
1122 1427 1168 1492 40

61 1616 193 1666 domium
202 1621 375 1683 muespropr'us
383 1623 488 1671 admone.
520 1623 592 1672 Pau.
609 1621 682 1686 Han,
692 1623 774 1686 ecquid
782 1622 919 1673 oudiuirti?⁴
946 1624 1021 1672 Pru.
1040 1619 1165 1680 Noligus-

62 1681 125 1729 rire.
159 1682 235 1744 Prot,
248 1684 363 1748 Jupiter!
379 1686 569 1745 vociferationem
589 1687 666 1737 audio.
698 1687 767 1736 Pau.
787 1689 822 1736 Tu
837 1688 894 1751 ipse,
916 1687 1044 1750 Pamphile,
1055 1685 1166 1748 loqueris,

63 1750 90 1792 et
101 1747 167 1808 loqui
183 1761 220 1795 me
228 1749 351 1811 mutiles?
383 1751 463 1798 Mun.
485 1752 568 1800 Vocem
575 1753 692 1814 supprime
704 1753 850 1810 Philumena,
860 1767 888 1800 ue
903 1751 1043 1811 laesuotum
1054 1751 1165 1798 rescisos·

63 1812 114 1858 tarr.
150 1811 226 1860 Pru.
242 1813 306 1861 Puto
316 1830 352 1862 ure
362 1815 478 1864 audiuisse
486 1831 562 1865 uocem
574 1817 708 1879 Myrrluuoe
717 1818 801 1866 matris
814 1818 966 1878 Plrilunuuoe.
990 1816 1029 1864 De
1040 1829 1076 1863 use
1085 1818 1164 1863 ustum

62 1878 101 1922 est
122 1877 216 1924 adsero.
250 1877 318 1927 Pan.
337 1878 432 1927 Curris
450 1886 636 1930 temtumest?
667 1880 742 1930 Psm.
763 1881 826 1936 Quin
841 1883 919 1930 dolore
934 1881 1051 1941 consectus
1065 1893 1118 1927 sum
1133 1878 1165 1930 ul

62 1945 255 2003 mortemusque.
289 1941 358 1990 Puu.
377 1944 611 1998 Quumubsuusuml
642 1944 717 1994 Pau.
735 1947 820 1994 Nescia
838 1943 1091 2009 quadgroveexits'um
1106 1940 1166 1991 mits'

62 2006 192 2054 murat.
225 2007 295 2056 Pau.
316 2007 419 2056 Uxorem
430 2014 494 2058 tuom
505 2010 668 2059 Philumenam
677 2010 794 2073 pauidum,
805 2011 882 2059 neseio
892 2012 949 2073 quid
957 2010 1051 2058 torrere
1062 2008 1129 2070 muli,
1140 2011 1165 2056 et

525 2161 705 2193 mommo

62 2273 129 2324 noni
141 2273 298 2324 tribuuntur.
328 2275 405 2327 West.
442 2279 474 2327 Io
491 2277 556 2328 Mss.
576 2278 670 2327 nostris
689 2290 804 2339 personae
819 2274 856 2322 ita
873 2272 1074 2335 distinguuntur,
1087 2272 1163 2323 Pru.

62 2345 126 2389 tuse.
147 2332 231 2388 *Pam
248 2340 364 2403 trepidari
372 2342 446 2391 sentio
457 2348 482 2391 et
495 2344 596 2399 sursum,
607 2346 647 2405 ξι.
674 2343 749 2390 Pau.
768 2339 877 2400 agedum,
887 2339 927 2399 &a
960 2337 1032 2384 Pau.
1048 2337 1100 2384 lem
1110 2351 1163 2386 resr-

61 2403 156 2452 sr'stiul
172 2403 254 2454 Bnecl.
264 2405 308 2469 qui
319 2413 404 2455 tumen
414 2407 464 2456 alio
475 2407 533 2454 loco
545 2412 659 2456 testatur
672 2419 748 2452 unum
760 2417 774 2450 e
787 2405 850 2452 Mss.
862 2401 913 2450 suis
925 2402 1045 2450 omittere
1055 2416 1163 2464 prorsum

61 2475 91 2516 et
103 2468 215 2516 alterum
227 2469 314 2530 legere
325 2485 428 2520 rursum.
461 2471 536 2518 Pru.
546 2484 661 2533 prorsum,
669 2473 709 2532 tre.
742 2468 912 2516 Personarum
923 2466 1076 2514 varietatem
1087 2471 1163 2518 notat

60 2533 108 2580 Br.
121 2531 230 2597 suo‘vel
238 2533 388 2594 Pamphilus
398 2534 412 2594 ;’
430 2533 455 2581 in
465 2540 537 2582 textu
548 2535 663 2591 exhibet,
672 2534 741 2582 Psu.
752 2533 811 2580 tem.
828 2532 902 2579 Pau.
911 2530 1073 2592 quidlrmesll
1089 2531 1161 2581 Pau.

61 2601 134 2653 ἰωὴ·
152 2595 511 2659 trepidari...ugedum...Psm.
526 2599 574 2646 noll
589 2598 644 2657 sut.
663 2605 690 2645 et
709 2597 746 2645 sio
768 2595 885 2644 Giiaoius
902 2594 935 2642 sd
953 2596 1057 2643 linotet.
1076 2595 1160 2648 India.

60 2674 87 2710 v.
99 2661 175 2714 Plus,
186 2668 299 2723 excepto
311 2662 379 2724 quod
388 2661 419 2709 ad
431 2661 508 2710 tinem
521 2664 557 2709 sic
570 2662 681 2716 ordinat.
692 2661 767 2709 Pau.
777 2661 838 2708 tem.
852 2659 920 2706 Plus.
931 2657 1067 2706 sensistin't
1084 2659 1162 2708 Pau.

59 2724 171 2784 solifub.
194 2723 268 2786 ‘Age
278 2727 333 2773 dum
342 2728 373 2774 ud
384 2727 452 2784 sores
461 2729 544 2775 aceede
551 2727 655 2789 propius.
688 2725 758 2773 Psu.
775 2724 835 2783 tem,
845 2722 980 2784 sensistine]
997 2722 1063 2770 Haeo
1075 2722 1162 2771 omnia

59 2788 199 2852 adscripta
210 2796 268 2838 sum
280 2790 306 2837 in
317 2790 392 2837 Bem.
404 2790 572 2838 Parmenonis
583 2805 697 2852 personae
708 2806 714 2837 :
733 2789 758 2836 in
771 2802 802 2854 eo
813 2794 899 2836 tamen
912 2802 957 2850 pro
968 2788 1058 2846 accede,
1066 2787 1162 2849 legitur

59 2854 155 2909 meede,
173 2859 200 2902 et
220 2868 266 2916 pro
276 2854 410 2914 sensistine,
427 2855 547 2914 sensistin,
564 2854 632 2919 quod
646 2853 773 2917 posterius
786 2853 811 2899 iu
823 2851 938 2900 omuibus
949 2851 1022 2898 libris
1035 2858 1093 2899 est:
1119 2859 1163 2902 est

60 2923 148 2967 autern
160 2920 275 2979 agedum,
285 2932 335 2966 vox
346 2933 373 2966 se
384 2919 468 2982 ipsum
480 2919 605 2967 hortantis
617 2919 648 2967 ad
661 2915 840 2981 exequendum
852 2915 915 2963 erile
926 2914 1094 2964 mundatum!
1112 2917 1160 2966 Fa.

59 2985 68 3010 ‘
83 2982 177 3032 Nostri
186 2981 284 3030 osrede!
300 2983 379 3032 Bent.
404 2984 527 3031 ‘Rursum
536 2997 653 3046 prorsum.
678 2983 743 3031 Haec
753 2981 822 3029 varie
834 2982 956 3042 leguntur
966 2982 992 3028 in
1005 2979 1087 3028 Codd.
1096 2980 1162 3028 Mss.

60 3053 89 3095 et
99 3046 248 3107 impressis:
275 3045 374 3095 Sursum
391 3061 516 3108 prorsum:
533 3049 637 3096 Rursum
647 3062 740 3096 orsum:
760 3047 847 3094 Orsum
857 3058 967 3093 rursum:
983 3043 1082 3093 Sursum
1092 3046 1160 3092 deor-
1195 3060 1199 3067 ·

58 3126 113 3160 sum
120 3124 247 3173 prorsum:
263 3110 364 3159 Sursum
374 3126 468 3160 rursum
478 3117 600 3174 prorsum!
610 3113 689 3161 West.
710 3111 819 3160 Horsum
828 3124 919 3157 sursum
931 3109 962 3156 B.
978 3123 1057 3158 orsum
1067 3122 1161 3157 sursum

48 3175 124 3224 'Hel
141 3189 234 3224 rursum
243 3189 348 3234 prorsum
359 3177 389 3224 C.
401 3184 428 3224 et
440 3176 515 3227 Liod.
531 3192 623 3226 sursum
637 3179 744 3225 deorsum
755 3175 806 3226 Gn.
819 3179 843 3224 1.
859 3175 953 3272 torsusq
970 3188 1072 3250 rursum.
1088 3173 1161 3223 Psu.

56 3237 1162 3368 llllt'lltilllslltlfit.“lllltll'llltl³u³⁷ilslllgldlt:

48 3369 108 3418 'Fu
144 3366 236 3416 Nostri
249 3382 385 3431 perperam
396 3369 476 3417 nudio-
488 3371 572 3418 *Bent
595 3372 685 3419 Audiui
695 3369 853 3434 probabilem
861 3369 998 3419 tectionem
1011 3369 1162 3427 Reperiam

47 3432 111 3482 'sibi
121 3439 244 3481 constans
255 3433 376 3496 reliquit;
395 3430 429 3481 cf.
442 3431 524 3481 Andr.
536 3449 554 3482 1.
565 3438 590 3484 4.
603 3439 626 3484 1.
645 3436 778 3484 Pers-ss
794 3433 903 3484 Quidum
917 3434 983 3482 Mss.
1002 3439 1029 3481 et
1048 3431 1107 3479 edd.
1119 3432 1162 3480 hio

49 3511 153 3547 ‘novam
167 3509 270 3545 scenam
283 3497 419 3560 incipiunt.
448 3497 525 3544 West.
559 3506 587 3546 et
598 3499 635 3545 sio
655 3499 715 3545 Hei.
725 3513 771 3545 uox
781 3512 810 3545 ea
820 3504 854 3545 est
866 3498 1009 3545 notu-ss
1026 3496 1098 3544 Pau.
1109 3497 1162 3543 nul·

57 3564 96 3612 lua
104 3576 158 3611 sum
170 3560 282 3609 Palmer.
295 3562 313 3608 l.
321 3575 345 3611 o.
356 3561 413 3624 quid
423 3561 478 3608 dum
490 3561 540 3608 duo
552 3561 616 3609 Mss.
629 3576 642 3608 e
655 3562 735 3608 Boecl.
746 3570 774 3608 et
786 3561 822 3608 sio
832 3558 921 3608 Guels.
933 3565 957 3607 3.
970 3561 1025 3624 quia
1033 3559 1097 3620 perti
1108 3564 1164 3607 oin·

58 3641 104 3677 nes
116 3626 184 3674 Mss.
195 3625 264 3688 apud
277 3625 359 3674 Boeol.
380 3625 468 3688 ‘Lipa
480 3624 553 3673 Bodi.
565 3625 599 3674 G.
611 3625 667 3673 ΕΡ.
680 3626 732 3674 ΕΤ.
744 3624 871 3688 quomodo
887 3633 914 3670 et
925 3623 1048 3672 Dacieria
1065 3621 1163 3687 edidit3

57 3704 128 3756 quan
149 3704 209 3738 uam
220 3703 267 3738 neo
279 3704 380 3737 sensum
388 3689 472 3753 juvat,
483 3696 510 3738 et
521 3702 622 3738 versum
638 3691 755 3755 impedit,
766 3703 814 3736 nec
827 3688 914 3735 stilum
926 3689 1109 3746 Terentianum
1122 3702 1162 3735 sa-

57 3754 116 3819 pit!
171 3759 215 3802 ert.
236 3754 245 3782 ‘
260 3752 345 3818 Aliqui
357 3754 425 3816 libri,
435 3755 503 3802 iuter
514 3768 577 3817 quos
590 3754 664 3804 Bem.
682 3769 732 3802 nou
744 3752 986 3816 habentquiu,quad
998 3766 1046 3798 nec
1058 3764 1162 3802 sensum

53 3821 140 3884 juvat,
151 3825 180 3866 et
191 3818 302 3879 impedit
312 3833 423 3881 versum,
434 3833 509 3882 quem
523 3833 567 3866 nos
578 3819 626 3866 hoo
637 3819 712 3868 modo
730 3819 884 3877 ordinamus,
894 3823 922 3865 ut
935 3819 969 3865 sit
981 3821 1081 3864 tetram.
1093 3815 1161 3864 lam-

56 3883 263 3937 bio-acatalect.
287 3883 374 3932 Nullus
384 3897 443 3932 sum.
476 3884 546 3932 Pru.
567 3884 607 3944 qui
618 3882 693 3932 dum?
726 3882 802 3932 Pam.
819 3881 890 3945 perii.
924 3879 1161 3942 Psmquumobrem.
1206 3904 1211 3913 ·

56 3947 419 4010 Psn.uescs'oquadmugnum
427 3947 523 3996 mulum.
542 3947 586 3995 Fa.
618 3947 650 3996 In
664 3947 833 3996 nostrismsle
850 3943 921 4008 quis?
938 3946 1015 3994 Beut.
1049 3944 1104 4007 quia
1114 3946 1161 3998 Br.

56 4014 191 4065 Gau-so
209 4011 333 4060 Maestus.
366 4012 407 4058 lta
419 4013 444 4059 in
457 4013 522 4061 Mss.
536 4011 627 4060 Leidd.
645 4018 771 4074 quatuor:
792 4012 817 4059 in
831 4011 929 4072 quinto,
940 4009 1032 4057 Brund.
1045 4018 1072 4058 et
1084 4011 1161 4061 Bodl.

56 4080 101 4129 Me
112 4079 203 4127 selum.
224 4075 292 4140 quod
305 4073 424 4123 defendit
435 4076 579 4126 Palmerius
592 4077 608 4126 l.
620 4092 643 4125 o.
677 4075 758 4139 Atqui
771 4076 898 4124 neminem
910 4074 989 4122 etiarn
1002 4084 1161 4126 converrerat

56 4141 225 4205 Pamphilus,
235 4154 284 4188 nec
296 4146 428 4203 parentes,
441 4155 488 4188 neo
499 4155 612 4198 uxorem,
623 4154 670 4188 nec
683 4154 795 4202 soceros,
813 4147 947 4202 postquam
966 4153 1086 4200 egressus
1103 4147 1160 4189 erut

50 4216 70 4259 'e
88 4207 162 4258 navi.
194 4204 309 4254 Videtur
326 4210 412 4255 autem
429 4206 499 4254 ssim
517 4206 645 4260 Parmeno
663 4205 784 4256 incusari.
804 4205 931 4270 quomado
950 4204 1073 4254 condona
1090 4210 1159 4268 post,
