2678 4694
189 305 257 375 02⁴
478 318 494 353 -’
567 263 804 373 ι’·ἰιιιιιιιιιι
828 320 917 370 arar
960 310 988 343 ⁵

191 467 372 534 Tonstrina
385 472 459 530 erat
472 465 649 550 quaedam:
670 464 726 530 lde
741 465 932 528 solebamus
946 461 1016 527 sere

191 570 393 652 Plerumque
408 564 482 632 eam
497 567 652 651 opperiri,
667 565 746 630 dum
760 565 841 630 inde
854 565 917 629 iret
930 564 1083 630 domum.
1239 562 1274 626 ii

192 672 336 749 Interea,
350 669 429 735 dum
444 670 598 735 sedemus
612 669 695 747 illic,
711 668 890 733 intervenit

192 771 402 837 Adolescens
417 771 553 857 qnidam
567 771 778 856 lacrymans:
799 788 860 833 uos
872 767 1043 832 mirarier:

194 871 383 956 Rogamus,
399 873 478 956 qnid
493 873 563 937 siti
585 891 754 956 nunquam
772 889 881 953 seque,
895 866 1016 953 inquit,
1033 887 1077 933 ae
1091 866 1207 946 modo,

194 975 386 1059 Paupertas
400 974 481 1038 mibi
497 994 583 1037 onus
594 975 703 1038 visum
718 980 779 1050 est,
795 978 830 1036 et
843 970 1014 1049 miserum,
1030 976 1066 1034 et
1082 990 1197 1053 grave.

192 1074 299 1140 Modo
313 1075 480 1159 quandam
495 1074 567 1139 vidi
582 1074 747 1155 virginem
763 1074 817 1138 bio
832 1072 966 1137 viciniae
1247 1072 1280 1135 ii

194 1175 366 1254 Miseram,
382 1196 477 1241 suem
492 1182 626 1241 matrem
640 1176 817 1240 lamentari
832 1179 1005 1238 mortuam.

194 1277 246 1343 Ea
260 1279 325 1343 sita
339 1283 409 1342 erat
424 1297 469 1343 ex
484 1277 686 1342 advorsum:
708 1296 819 1362 neque
834 1277 884 1341 illi
899 1275 1122 1353 benevolens,

195 1378 316 1465 Neque
330 1387 442 1456 notus,
457 1400 565 1463 neque
578 1384 755 1461 cognatus,
770 1385 864 1443 extra
879 1396 981 1441 unam
995 1378 1181 1456 aniculam,

195 1481 383 1566 Quisquam
399 1482 527 1559 aderat,
541 1483 599 1564 qui
614 1481 782 1565 adjutaret
795 1482 914 1547 sunus:
937 1478 1130 1543 miseritum
1145 1478 1204 1545 'ste

194 1707 248 1750 erut
260 1703 352 1768 efficis«
367 1703 482 1762 tmeseia·
502 1701 540 1752 iic
556 1701 683 1753 saleim
695 1715 746 1750 ears
764 1705 886 1766 expectere
900 1714 1017 1765 quosque
1026 1700 1083 1750 inde
1093 1699 1189 1750 rediret
1199 1700 1287 1749 dm.

192 1765 292 1816 Ieieree
300 1769 356 1816 dam
366 1768 416 1817 iilic
425 1768 496 1817 otiosi
512 1782 638 1828 murae,
649 1772 743 1830 reperte
752 1766 886 1830 mpemeeit
894 1767 1027 1815 arielem
1038 1764 1216 1830 Μαρια,
1247 1763 1288 1812 lise

192 1831 286 1892 nimii,
296 1831 422 1894 quoerirw
437 1847 489 1894 qua
504 1847 575 1880 cuasa
591 1834 614 1880 ei
623 1833 699 1895 fletus
715 1837 784 1880 esset.
818 1830 953 1894 Nusquam,
971 1830 1016 1890 uit,
1033 1829 1096 1878 miii
1106 1829 1145 1878 ite
1155 1831 1289 1895 properio

156 1916 160 1921 ·
188 1893 253 1956 seit,
261 1908 290 1942 ee
302 1898 376 1954 enode,
386 1911 455 1958 qaum
466 1910 622 1944 muneram
632 1901 656 1943 et
667 1896 787 1944 molestam
798 1899 857 1959 esset
870 1896 959 1956 pendae
966 1899 1106 1958 puerperiae.
1143 1894 1216 1943 Modo
1228 1906 1289 1956 qun·

194 1959 250 2005 dum
259 1958 310 2006 nidi
321 1958 437 2019 infelicem
446 1961 547 2023 puellum
554 1974 625 2023 prope
635 1960 661 2007 in
672 1959 715 2007 iae
725 1959 821 2019 uicinia
835 1959 958 2023 deflentem
968 1963 1070 2007 matrem
1085 1974 1158 2006 num
1178 1957 1290 2017 uitulum

196 2027 253 2070 tom.
286 2023 324 2071 Eu
334 2024 411 2087 positu
421 2029 473 2074 erut
484 2029 565 2072 eoum
575 2027 700 2081 mortuum,
711 2037 784 2085 neque
795 2023 917 2086 quisquam
926 2023 1023 2083 ambas,
1033 2023 1290 2085 nequissimumque

193 2087 335 2152 propinquus
351 2103 403 2139 eum
421 2088 546 2150 alienabat
563 2089 590 2138 iu
608 2089 710 2137 arundo
723 2086 820 2152 saum,
839 2093 928 2151 proeier
944 2102 1016 2136 uuum
1038 2088 1156 2139 saulem.
1187 2085 1291 2136 Misereri

653 2245 832 2266 OMMO

196 2373 254 2416 nus,
270 2357 337 2422 quod
349 2357 461 2407 adhunc
474 2360 556 2408 locum
568 2361 681 2410 attinet:
698 2376 756 2412 uam
775 2362 818 2411 bie
833 2359 1037 2412 ‘exadversum’
1054 2361 1130 2411 acuit
1147 2352 1289 2423 secundam:

195 2425 241 2471 sed
261 2437 319 2471 rues
338 2436 376 2471 es.
388 2426 429 2471 47.
448 2430 475 2470 et
492 2422 569 2474 Adel.
587 2439 627 2474 ιι.
643 2429 667 2473 2.
678 2429 718 2474 iti.
739 2427 845 2489 primam
862 2427 934 2474 acuit
949 2424 1172 2476 ‘exadversum’
1189 2435 1217 2475 ut
1232 2425 1289 2490 apud

197 2487 319 2535 Plautum
338 2486 438 2535 Bacch.
456 2500 496 2535 ιν.
507 2491 531 2538 7.
543 2492 583 2537 tit.
601 2489 702 2538 ‘Video
712 2489 879 2540 exadversum
893 2490 1064 2539 Pistoclerum
1077 2499 1108 2539 et
1119 2487 1291 2540 Baeebideurs'

197 2551 239 2600 Ad
259 2551 366 2599 nihilum
384 2564 448 2612 ergo
466 2550 559 2600 recidit
571 2552 682 2602 Anniani
698 2555 766 2603 illius
778 2553 919 2603 subtilitas.
936 2555 1010 2603 Beni.
1048 2555 1217 2606 Exeduersen
1226 2553 1289 2605 anu

198 2616 260 2678 Bip.
276 2615 347 2665 Peri.
382 2615 533 2678 Ειιάυιιιο]
558 2616 590 2665 ln
607 2618 664 2666 aliis
682 2618 838 2668 editionibus
856 2626 896 2668 est
913 2621 1086 2678 studueram,-
1103 2617 1289 2671 Bnrmsunord

196 2679 304 2729 Sueten.
316 2680 341 2728 iu
349 2679 437 2728 Tiber.
449 2694 472 2728 e.
483 2682 524 2729 ³8.
535 2682 633 2730 rectius
645 2681 749 2733 ridetur
759 2698 790 2732 eze
801 2685 897 2732 aduerso
908 2682 1010 2732 divisim
1022 2685 1158 2746 seriptum
1167 2688 1192 2734 iu
1204 2698 1251 2750 quo
1260 2683 1289 2732 in·

198 2745 331 2807 telligatur
346 2743 435 2793 ‘loeo’
452 2743 494 2793 vel
513 2745 596 2794 simile
611 2745 682 2811 quid.
715 2747 767 2796 Sed
785 2761 817 2795 ex
836 2748 959 2796 adunam
976 2754 1067 2797 tuetur
1079 2747 1251 2814 Oudendorp.
1264 2746 1288 2795 nd

196 2807 304 2858 Sueten.
322 2808 419 2857 Cressr.
431 2822 454 2861 e.
465 2812 507 2858 aa.
525 2809 558 2859 R.
569 2809 668 2860 D.—dl
680 2809 784 2860 Praeter
794 2811 925 2860 Donatum
936 2811 1015 2861 etiarn
1027 2811 1088 2864 eod.
1102 2814 1182 2863 Bem.
1192 2813 1234 2863 ilii.
1248 2810 1286 2862 Sed

195 2872 274 2921 etita
286 2871 477 2931 cameasenus,
489 2872 659 2938 Pulmuuuus,
670 2883 696 2924 et
709 2873 789 2925 Aldus
800 2874 946 2926 ediderunt.
979 2875 1039 2924 Vox
1051 2877 1154 2928 Plauto
1166 2877 1287 2928 familiaris.

201 2937 280 2987 Weet.
312 2937 425 2986 dedentes
435 2936 513 3000 illine]
530 2937 601 2986 Aliae
612 2939 669 2989 iilis.
689 2940 734 2988 Er.
768 2940 810 2988 liii
829 2939 859 2990 Ζ.
872 2940 950 2990 Beut.
984 2940 1115 3003 dedemus,
1130 2944 1169 2992 iiii
1180 2940 1286 2992 interemi

197 3001 260 3064 Bip.
283 3001 392 3050 Botbine
404 3002 468 3064 legit
486 3002 590 3065 Interea,
601 3005 656 3053 dues
667 3003 702 3052 ibi
711 3006 815 3054 sedemus
826 3005 889 3063 olim,
900 3004 1107 3056 interuenit-iti
1126 3005 1285 3057 Adeieeeeaein

197 3064 255 3116 Ge.
266 3065 345 3129 priori
357 3065 441 3115 versui
454 3079 592 3116 annexum.
619 3067 701 3132 Cujus
713 3069 815 3118 omnino
827 3067 925 3118 codicis
937 3081 1058 3118 versuum
1071 3071 1235 3122 distinctius
1245 3069 1285 3117 eri·

198 3138 261 3192 gata
277 3129 372 3193 passim
389 3129 512 3179 discedit.
528 3117 657 3180 Peri-es
676 3130 763 3184 Guelf.
780 3136 804 3182 Ε.
819 3133 903 3196 inquid
920 3146 968 3196 pro
987 3132 1148 3196 inquit—dd
1166 3137 1285 3186 Minoae

197 3194 368 3249 constructio,
385 3193 552 3257 ‘Paupertas
572 3196 651 3245 risum
670 3196 732 3245 eet!
764 3196 853 3246 Codex
871 3197 926 3248 CC.
943 3202 1012 3245 notas
1024 3200 1138 3262 optimae
1149 3201 1286 3257 moeret

197 3255 237 3302 sle
248 3256 317 3318 apud
330 3256 491 3305 Priselauunr
503 3258 599 3307 citatur
611 3274 638 3321 p.
650 3263 723 3309 1⁰26.
741 3261 820 3310 etiarn
841 3261 867 3310 in
888 3260 994 3324 seriptis
1013 3262 1098 3313 codd.
1117 3265 1195 3316 Beni.
1225 3262 1285 3312 uon.

197 3317 258 3366 eiiii
275 3319 327 3368 vise
345 3333 403 3368 osas
421 3325 466 3368 ese.
499 3319 571 3370 Peri.
587 3322 639 3371 uiso
658 3327 702 3371 esi.
720 3329 748 3372 et
767 3331 842 3374 notat
859 3326 936 3374 ‘Pau
956 3325 984 3373 iu
994 3339 1080 3391 marg.
1099 3323 1287 3393 ‘preeusee”

198 3382 295 3430 ‘Beue
313 3396 371 3431 oum
390 3382 628 3447 Prisciauoeapere
647 3387 746 3449 maluit,
762 3402 839 3452 quam
858 3403 916 3438 eum
936 3387 991 3438 cto.
1013 3391 1072 3440 Lir.
1092 3391 1159 3443 Sall.
1183 3393 1285 3457 Nepesi

198 3444 347 3511 frustraque
358 3445 472 3495 correxit
482 3447 534 3496 uisu
545 3454 591 3512 est,
608 3450 676 3515 quod
688 3457 716 3500 et
726 3455 804 3515 putrui
816 3453 906 3516 scripti
918 3453 1025 3503 babent.
1060 3457 1201 3522 Exempla,
1228 3455 1286 3504 uibus

198 3514 330 3576 vulgatas
350 3510 485 3574 probetur,
496 3514 584 3575 pueris
595 3521 657 3565 nota
668 3516 746 3565 sunt!
763 3517 887 3580 Rip-ti
899 3517 951 3566 Hie
960 3517 1066 3568 ewisioe.
1083 3521 1155 3571 Mss.
1167 3473 1285 3572 betium

199 3584 263 3640 tres,
275 3578 314 3627 M.
325 3524 360 3626 g.
372 3577 418 3626 Tr.
427 3575 504 3628 Bedl.
516 3592 574 3628 eum
590 3579 645 3628 ΕΡ.
662 3587 689 3630 et
709 3582 762 3631 ΕΤ.
779 3582 840 3631 ΕΜ.
859 3588 887 3630 et
899 3583 961 3632 Mss.
975 3583 1116 3634 Pulmaunl
1134 3582 1286 3649 tribqurie

199 3640 340 3701 eisne,lib.
353 3643 712 3705 xv11.etNouioMereello,
729 3645 790 3695 huie.
825 3646 889 3694 Mse.
911 3645 1078 3696 Leidensinm
1099 3660 1219 3714 quartus,
1233 3647 1286 3708 leil·

198 3706 304 3755 ricinia:
317 3706 422 3770 quintus
433 3706 472 3755 ieie
482 3706 585 3757 oieiuioe.
611 3708 703 3758 Boend.
715 3708 770 3758 baie
778 3710 879 3760 uieieim
895 3710 964 3759 Vide
975 3710 1008 3759 ad
1020 3710 1093 3762 And.
1106 3727 1128 3762 ι.
1139 3719 1163 3766 1.
1174 3719 1214 3765 48.
1228 3713 1286 3764 was

200 3770 268 3820 Hine
286 3771 399 3820 lau-eo
415 3770 466 3819 Me.
487 3771 584 3819 Lorao.
604 3778 673 3822 teste
692 3772 846 3832 Pulmanno,
866 3773 968 3824 Misere.
984 3775 1070 3827 West.
1104 3778 1175 3830 Post
1191 3778 1286 3830 Mirm

198 3848 250 3884 non
270 3834 406 3898 distinguit
423 3835 469 3883 Br.
503 3834 594 3884 Misere
610 3836 754 3888 Boin-m
771 3839 804 3888 G.
823 3838 914 3887 Buend.
933 3846 959 3887 et
979 3838 1030 3889 ils.
1047 3840 1126 3904 lips.
1139 3842 1287 3894 consillia

90 3945 99 3956 „
199 3900 303 3949 murrea
327 3898 396 3963 Guy.
406 3897 536 3962 integrum
548 3913 647 3949 versum
657 3902 793 3967 expungit.
826 3903 1149 3957 Posituerstexudeerso.
1166 3906 1286 3958 nicaen.

200 3969 228 4009 et
237 3963 281 4010 vi.
293 3963 381 4026 babet,
391 3978 423 4012 ex
435 3966 567 4026 euveum,
577 3963 616 4014 ite
626 3965 741 4016 habebat
751 3971 779 4016 et
786 3966 819 4015 V.
829 3965 875 4015 sed
887 3966 991 4030 delude,
1002 3967 1104 4019 abrasis
1117 3969 1288 4035 posterioribus

200 4024 295 4088 literis,
305 4043 318 4074 o
330 4027 489 4092 suppositum
501 4034 551 4077 est.
569 4029 616 4079 Fu.
646 4031 738 4081 Nostri
746 4042 832 4080 omnes
840 4030 881 4080 bie
890 4030 986 4081 babent
997 4047 1029 4082 ex
1040 4035 1151 4087 odem.
1161 4037 1236 4086 Beut.
1255 4033 1288 4082 ar

200 4090 298 4137 aduerso
316 4091 362 4140 Br.
372 4091 460 4142 Gueii.
474 4096 498 4143 l.
510 4096 534 4141 d.
546 4092 671 4156 ara-es
690 4096 728 4145 M.
744 4101 772 4145 et
791 4095 884 4145 Bnend.
911 4096 995 4159 Neque
1012 4103 1092 4161 notas,
1112 4115 1188 4164 neque
1203 4099 1289 4151 nim.

201 4165 275 4216 seque
285 4167 336 4216 eng.
347 4156 634 4218 uena—euristeum
645 4160 729 4219 sunus.
744 4160 787 4210 sie
799 4158 866 4212 ileo.
877 4173 920 4210 111.
930 4165 954 4210 ι.
965 4163 1008 4211 ai.
1021 4162 1031 4190 ⁸
1042 4163 1093 4213 Hie
1102 4178 1185 4216 onera
1195 4157 1288 4228 idjuta'
