2678 4694
356 333 590 387 euonurorus
614 335 697 386 nor.
721 336 867 387 1.so.r.
1094 325 1161 392 uta

71 475 311 557 Nummorum
333 475 369 539 id
383 484 422 541 nt
441 476 660 542 conticerem:
682 478 833 545 confeci:
853 479 992 545 affero:'
1077 484 1080 490 '
1181 542 1191 554 ,

64 576 159 641 Nam
171 576 308 641 herilem
321 576 425 642 tilium
438 578 512 662 ejus
528 577 668 643 duriusc
684 579 784 645 audio
1135 572 1158 650 5

65 676 240 743 Uxorem:
264 679 307 755 oi,
324 677 433 756 credo,
447 697 567 743 munus
581 680 643 744 hoc
657 679 850 745 corraditur.
1085 656 1090 674 ⁰

65 778 182 858 Quam
195 778 307 863 inique
322 786 549 863 comparatum
566 785 629 859 est,
644 780 678 845 hi
691 783 751 865 qui
765 783 871 848 minua
885 783 1037 863 habeut,¹

64 879 117 946 Ut
132 900 261 964 semper
276 882 405 966 aliquid
420 882 541 947 addant
557 883 790 948 divitioribus!

65 981 172 1061 Quod
186 983 243 1047 ille
258 985 414 1048 unciatim
431 985 488 1048 vix
504 985 547 1050 de
564 986 723 1051 demenso
738 1007 811 1064 suo,

67 1081 175 1157 Suum
191 1081 372 1148 defrudans
388 1085 531 1171 genium,
546 1089 729 1171 comparsit
743 1090 856 1176 miser,

64 1183 111 1250 lu
127 1183 186 1248 illa
199 1185 392 1251 universum
407 1188 559 1272 abripiet,
573 1189 662 1253 haud
677 1190 899 1271 existumans,

66 1285 207 1365 Quanto
220 1285 333 1351 labore
346 1294 489 1370 partum.
534 1289 638 1354 Porro
652 1298 759 1356 autem
776 1291 863 1358 Geta

64 1388 215 1452 Ferietur
229 1388 296 1453 alio
310 1408 455 1468 munere,
468 1391 526 1455 ubi
541 1391 623 1457 hora
637 1394 805 1477 pepererit
818 1414 827 1471 ;

63 1490 173 1554 Porro
187 1495 299 1555 autern
313 1493 391 1570 alio,
405 1478 463 1557 ubi
478 1495 540 1558 erit
554 1513 658 1579 puero
672 1494 798 1559 natalis
813 1494 906 1574 dies;

61 1671 184 1724 &mles
199 1675 225 1724 irl
235 1679 262 1724 ut
272 1674 295 1723 ci
310 1687 477 1737 cmpururcm,
486 1673 589 1737 petiuit:
605 1674 755 1738 comparari.-
770 1673 854 1739 offero.
889 1674 953 1723 Num
963 1672 1013 1736 eju
1022 1669 1160 1735 tcrifiliun

60 1737 222 1801 Auruncum
232 1739 301 1788 torte
310 1753 406 1788 uxorum
416 1739 512 1787 luciae
522 1740 600 1788 nudie
633 1741 676 1800 Ei,
685 1745 711 1788 ut
722 1741 799 1800 credo,
810 1740 859 1788 tac
866 1738 965 1802 pecunia
975 1739 1002 1786 irc
1011 1749 1103 1798 nunu,
1113 1735 1160 1783 col·

61 1801 158 1864 ligitur.
192 1803 270 1858 Quum
276 1803 362 1864 iunco
366 1803 426 1866 sieri
435 1804 529 1852 cclitm
535 1809 580 1862 oct,
590 1803 673 1868 quitur
680 1804 771 1853 tenuior
781 1818 820 1853 rer
830 1802 1012 1863 ertsumitiuric,
1022 1816 1060 1850 cor
1069 1813 1161 1863 nuper

60 1870 172 1933 oportere
181 1870 299 1928 adaugere
314 1867 432 1930 aliquibus
442 1868 509 1916 dorric
518 1869 616 1917 diuitiae
626 1869 809 1930 locupletiorum.
843 1869 911 1924 Quod
920 1867 962 1925 ille
978 1864 1068 1932 (Geta)
1077 1866 1106 1914 rie
1116 1878 1161 1912 cuo

55 1929 181 1990 sumenti
190 1946 298 1983 rreum
308 1946 350 1994 per
360 1933 465 1992 uratur
479 1932 559 1982 urici
573 1935 698 1995 porculo,
715 1937 739 1982 ct
756 1938 849 1997 utura
859 1932 989 1982 ccccm
998 1931 1110 1980 ctorem
1119 1931 1159 1977 de-

62 1995 186 2058 trnlierrdc,
196 1995 240 2045 cix
249 1997 359 2060 remouit,
371 1996 396 2044 id
404 1997 514 2046 illonocu
524 2003 597 2062 rupto
609 1997 741 2047 unircrrum
749 1997 892 2061 intercipiet,
901 1997 971 2060 parci
977 1998 1081 2058 peridem
1088 2007 1160 2057 quorr-

61 2059 96 2108 ru
113 2059 227 2108 Μία
242 2060 276 2109 eit
293 2060 451 2123 acquirimur,-
466 2062 550 2112 duride
560 2077 613 2111 cero
623 2062 690 2111 uliud
700 2064 783 2111 culrau
795 2062 864 2110 Gelo
872 2060 972 2124 pecunie
984 2059 1093 2121 accipiet,
1107 2071 1161 2106 cure

61 2123 131 2172 ulirtrl
147 2128 232 2173 mrim
247 2126 311 2174 tera
326 2127 505 2186 comparandum
520 2126 578 2186 crit,
589 2126 630 2176 ubi
640 2126 682 2175 illo
692 2126 764 2174 cuiue
773 2123 967 2187 pmturrfrrerit,·
981 2121 1163 2185 inreperoltcd,
1186 2169 1189 2173 ,

62 2187 104 2236 uli
118 2203 191 2251 puero
207 2190 295 2239 mulie
308 2204 353 2253 per
368 2189 473 2252 ungulos
489 2205 563 2239 orror
579 2195 717 2252 revertetur,
731 2189 771 2236 uiri
786 2204 837 2238 cum
852 2187 1010 2246 uiloctuburrt,
1026 2191 1050 2236 ct
1065 2185 1161 2234 initium

523 2333 701 2356 ‘W‘

63 2430 90 2481 li
112 2431 191 2483 Bent.
211 2430 290 2485 Both.
315 2432 375 2495 Bip.
394 2433 491 2496 Delph.
515 2431 562 2481 Hii
579 2431 672 2483 lau-a
697 2432 855 2485 Pulnannnc
877 2445 911 2480 ex
934 2429 985 2480 Mc.
1006 2427 1160 2480 Loranienai

62 2495 190 2546 ditioribus
206 2496 279 2548 citet.
300 2498 375 2547 Wert.
409 2499 467 2545 Duo
487 2511 520 2545 ex
538 2497 634 2546 nostris
653 2497 758 2558 vetusti,
775 2512 833 2546 cum
853 2495 961 2546 totidem
979 2493 1162 2551 mediocrium,

62 2560 196 2611 euentu.
231 2561 379 2624 Utcumque
398 2561 504 2623 scribae,
519 2560 702 2621 *pronuntiatio
719 2561 809 2609 cedem
829 2566 877 2610 'ert-
895 2560 1018 2610 Brut—tl
1034 2555 1121 2607 tincti.
1137 2560 1160 2607 1.

62 2625 178 2678 limata
194 2628 219 2674 2.
235 2629 387 2674 menae-10
404 2624 479 2675 Suum
494 2625 620 2683 defrutoue
639 2625 742 2685 genium.
775 2625 816 2674 lta
838 2631 935 2687 praeter
955 2620 1032 2671 codd.
1053 2633 1160 2670 numero

62 2690 189 2753 plurimos
212 2690 289 2738 'etiam
308 2688 376 2738 Non.
403 2689 511 2738 Marcel.
531 2689 605 2749 citat,
626 2688 724 2737 addens
744 2688 807 2737 illud
830 2687 930 2745 Lucilii,
949 2686 997 2735 lib.
1016 2697 1100 2734 xxrrr.
1118 2689 1159 2734 18.

61 2757 70 2781 ⁸
83 2753 166 2803 Curet
177 2761 312 2816 agrotum,
323 2759 433 2801 sumtum
449 2753 542 2801 homiui
555 2751 682 2816 praebeat,
692 2753 803 2802 Genium
816 2767 888 2800 cuum
900 2749 1029 2810 detrudet,
1047 2749 1089 2798 elii
1101 2762 1159 2812 par·

62 2816 123 2867 cat?
155 2817 191 2868 Et
212 2817 340 2882 antiquio·
362 2817 464 2866 videtur
481 2831 556 2878 qnam
577 2817 734 2879 quorundum
753 2817 875 2871 librorum
893 2817 1051 2876 dqfruurlorre:
1068 2814 1094 2863 id
1110 2820 1161 2872 ert,

62 2882 149 2931 cibum
158 2881 260 2931 sibimet
272 2881 427 2930 subducens.
448 2881 525 2931 Wect.
544 2880 677 2943 Compurrit
687 2881 766 2930 mirer.
795 2876 1005 2943 ch.corrpc'reit.
1022 2879 1068 2927 Fa.
1097 2879 1160 2927 Corr-

59 2948 145 3009 pmit.
178 2947 217 2994 Ea
228 2953 303 2995 vetus
313 2947 441 3009 rcriprura
450 2952 506 3006 est3
523 2944 587 2995 etin
598 2952 698 2994 textum
711 2945 856 3008 recipimur.
885 2945 987 2994 Nonius
997 2955 1024 2991 v.
1036 2941 1159 3005 Genium,

62 3011 141 3060 lrabet
158 3011 280 3073 conponit.
313 3011 440 3059 Charisius
449 3025 475 3074 p.
485 3013 542 3060 19⁷.
561 3010 693 3074 conrpnrrit.
727 3010 834 3058 Fertur:
852 3006 1161 3072 ‘Comporrit'l'erentiue,

61 3088 110 3138 pro
122 3076 130 3104 ‘
143 3072 319 3139 compescuit’
330 3074 434 3137 posuit!
465 3075 545 3138 Lego,
563 3088 610 3136 pro
627 3073 842 3137 ‘compepcrcit.’
857 3074 931 3125 Beut.
955 3073 1003 3123 Br.
1018 3071 1161 3131 aproniana

62 3140 263 3201 ...comperiit
287 3139 362 3188 Both.
384 3139 444 3203 Bip.
461 3139 592 3204 comperuit.
625 3139 723 3203 Delph.
740 3139 890 3199 dorcadum·
921 3136 1087 3199 ‘Defrudurru
1115 3129 1160 3193 Sic

61 3203 170 3268 antiquo
182 3218 253 3253 more
265 3216 280 3251 e
293 3203 357 3252 Mae.
375 3204 503 3254 scribend.
522 3217 573 3254 non
588 3201 748 3264 Mfluulcur!
764 3205 796 3253 R.
806 3206 908 3253 D.-ll
926 3202 1035 3252 Codices
1046 3197 1161 3265 quidam,

59 3267 239 3330 effipia—12
256 3267 311 3316 ΕΡ.
324 3268 443 3318 loborccit
459 3273 560 3332 portum.
577 3269 658 3318 Wert.
690 3269 733 3319 lta
744 3277 771 3318 et
783 3266 870 3318 Guelf.
880 3273 904 3318 1.
916 3269 1005 3317 tae-ll
1022 3265 1099 3315 Porro
1114 3264 1161 3314 otio

60 3330 194 3381 cutemuli
211 3332 265 3382 erit.
300 3331 408 3395 Aliquot
426 3332 574 3394 libri,inter
593 3349 656 3396 quor
674 3333 825 3385 Bemhanc
843 3332 1038 3384 collocutionem
1053 3329 1159 3388 hubent,
1237 3372 1243 3387 ,.

60 3397 141 3446 Porro
157 3400 235 3446 nutem
244 3397 308 3445 utic:
326 3397 370 3443 aed
382 3396 430 3446 hoc
448 3396 523 3446 modo
542 3405 646 3461 oportet
656 3397 665 3426 ‘
677 3397 746 3457 elio:
758 3399 785 3447 in
795 3399 859 3448 duas
876 3399 988 3463 syllanae
999 3395 1160 3450 contrahere,

60 3467 108 3518 aut
120 3473 176 3509 ecre
191 3459 446 3523 proceleusmaticum
458 3462 484 3508 in
498 3461 620 3510 secunda.
638 3463 684 3512 Fu.
716 3463 803 3510 Facile
816 3461 962 3512 admittitur
975 3459 1161 3524 proceleusma-

61 3526 142 3576 ricus.
175 3524 227 3573 Sed
241 3526 327 3588 placet
339 3525 417 3574 lectio
430 3533 547 3573 veterum
564 3533 709 3573 nostrorum
722 3524 840 3573 codicum
852 3520 928 3573 Porro
940 3525 987 3572 ulio
1001 3522 1088 3571 uutcru.
1115 3519 1160 3569 Sic

60 3588 189 3639 ‘alio'in
205 3590 258 3640 ictu
279 3591 338 3653 erit,
353 3596 382 3639 ut
393 3603 469 3638 versu
489 3588 662 3652 praecedente.
680 3588 752 3637 Beut.
785 3588 829 3637 Ite
845 3594 872 3636 et
889 3586 1013 3636 exhibent
1025 3586 1068 3634 Br.
1080 3583 1158 3633 Both.

556 3714 662 3764 NOTAE

52 3831 60 3841 ·
98 3814 227 3867 9Vixde
244 3818 348 3866 demeum
362 3815 593 3879 um1Demensum
633 3814 824 3878 numeccipiet.
1143 3870 1147 3879 Ι

54 3889 121 3948 'erat
133 3907 254 3944 mensure
271 3890 401 3949 frumenti,
419 3905 492 3954 quoni
512 3889 593 3939 servir
666 3894 697 3942 14
714 3885 1158 3951 Nataliadicr]Muueraemiciaole·

60 3968 275 4022 admeticbantur
283 3966 380 4017 domini
391 3966 423 4016 ad
431 3967 511 4017 totino
523 3980 592 4016 men·
634 3962 697 4015 bant
707 3955 851 4015 mittereac
862 3979 929 4025 eum,
937 3962 1011 4025 cujus
1021 3968 1078 4011 eret
1086 3970 1160 4015 nata·

60 4048 99 4098 eis
112 4046 218 4094 rictum.
632 4039 663 4089 lic
672 4040 727 4090 dieu
736 4041 779 4105 qui
787 4055 892 4091 uxorem
899 4035 1022 4098 ducebat,
1030 4038 1072 4089 cui
1081 4039 1159 4091 etiam

96 4126 128 4172 la
147 4121 259 4170 Ferietur
268 4119 315 4169 ulio
325 4117 430 4180 munere]
448 4119 590 4168 Velutmn-
632 4116 769 4167 eruntneti
783 4115 865 4166 liberi.

59 4203 98 4264 lo,
108 4213 141 4249 ac
152 4198 244 4247 damno
258 4192 420 4251 mactabitur,
436 4191 504 4244 allud
520 4192 589 4243 dam·
