2678 4694
199 310 285 377 loeo
579 322 609 369 r.
633 320 816 370 nnnaurrr
841 320 932 370 arnt

205 471 351 536 Patruus
367 476 445 533 tuus
460 473 556 550 pater
578 473 630 530 est
655 465 810 530 iuvemus
836 464 969 529 Phanio
993 466 1097 529 uxori
1113 473 1194 533 turc.
1235 467 1296 534 Au.

435 569 443 614 r

202 672 296 751 Quid
311 569 422 735 agim
433 669 502 733 Gn.
526 667 612 732 Cum
627 666 701 751 ejus
716 627 894 734 consuevit
910 668 993 732 olim
1008 673 1119 732 matre
1133 670 1170 733 iu
1185 669 1297 736 Lemno

329 771 532 836 clanculum.

202 873 322 957 Ppon.
338 871 533 940 Somnium!
556 869 641 934 utin'
656 868 731 935 haec
744 870 914 953 ignoraret
928 889 1028 935 snum
1043 873 1205 954 patreml
1239 872 1297 938 Gn.

328 973 472 1058 Aliquid
487 972 628 1050 credito,
990 972 992 976 ’

201 1075 371 1151 Phormio,
386 1094 461 1138 esse
475 1092 607 1138 causae:
630 1073 691 1138 aed
705 1090 757 1137 me
772 1073 902 1138 censen'
917 1071 1078 1156 potuisse
1095 1074 1212 1140 omnia
1262 1073 1297 1139 35

198 1175 390 1258 Intelligere
407 1180 505 1238 extra
519 1174 655 1252 ostium,
668 1174 759 1239 intus
775 1193 851 1258 quae
867 1175 951 1238 iuter
965 1193 1043 1238 sesa
1059 1174 1135 1257 ipsi
1149 1174 1287 1258 egerintl

201 1274 325 1339 Paroa.
347 1274 461 1358 Atque
482 1273 592 1339 hercle
608 1294 670 1357 ego
686 1294 824 1358 quoque
848 1275 943 1341 illam
966 1275 1130 1343 inaudivi
1152 1277 1296 1342 fabulam.

328 1377 399 1442 Gn.
423 1376 532 1440 Immo
546 1376 649 1440 etiam
665 1375 767 1454 dabo,
1206 1442 1209 1446 ι

201 1479 281 1557 Quo
288 1479 395 1561 magis
408 1477 545 1543 credas:
562 1483 703 1560 patruus
713 1479 841 1543 interea
849 1478 925 1542 inde
935 1477 1002 1542 huc
1012 1478 1192 1559 egreditur
1204 1478 1295 1543 some:

201 1579 308 1644 Haud
323 1581 428 1646 multo
442 1586 523 1664 post
538 1597 615 1642 curu
629 1587 725 1661 putre
740 1578 829 1643 idem
843 1577 963 1661 recipit
975 1595 1014 1642 sc
1029 1576 1121 1642 intro
1137 1578 1261 1644 denuo:

201 1679 261 1745 Ait
274 1687 413 1764 uterque
426 1680 488 1744 tihi
502 1683 703 1761 potestatem
717 1678 794 1762 ejus
808 1678 975 1743 habendae
989 1698 1027 1745 se
1044 1679 1144 1744 dare.
1262 1679 1296 1746 40

199 1862 326 1914 miratione
340 1861 521 1921 dignissimum:
537 1867 637 1923 paruus
654 1866 709 1911 tous
726 1861 840 1911 Chremes
853 1865 983 1924 compertus
998 1865 1035 1908 eat
1050 1868 1125 1922 puter
1136 1863 1232 1912 Plroaio
1242 1861 1299 1910 seori

199 1931 256 1972 tuoe.
289 1925 342 1971 Au.
361 1923 446 1973 Hem!
461 1924 580 1986 quiduis?
612 1925 664 1973 Gr„
681 1926 728 1974 llle
745 1925 885 1987 (chamus)
899 1923 1095 1977 consuetudinem
1104 1932 1222 1976 moretum
1231 1926 1299 1975 holed

199 1990 301 2050 olquam
312 1986 338 2036 io
349 1987 437 2036 Lemno
453 2001 505 2035 cum
520 1987 612 2035 anaii
629 1993 714 2035 matre.
747 1988 803 2036 Pu.
822 1989 879 2037 Hoc
896 1989 981 2038 maii
987 1986 1143 2051 figmeatum
1158 1996 1205 2040 at.
1236 1991 1298 2039 unse

199 2052 319 2103 Phanium
329 2052 407 2114 potuit
416 2065 462 2099 uon
472 2065 608 2111 cognoscere
616 2056 709 2117 petrem
719 2056 805 2104 mum?
837 2053 889 2108 Ga.
910 2053 993 2112 Crede,
1003 2051 1139 2116 Pleminio,
1149 2056 1253 2118 aliquus
1260 2066 1298 2103 ortt

199 2131 396 2165 consumatorem
402 2116 552 2175 oogaooeritr
562 2117 603 2164 sed
614 2129 645 2163 uu
655 2115 783 2163 arbitraris
791 2129 827 2164 me
837 2115 942 2177 poluisse
950 2117 1030 2163 omniu
1039 2118 1179 2179 percipere,
1189 2132 1240 2181 qrae
1248 2119 1299 2166 arur

199 2180 283 2242 seipsi
294 2181 359 2229 intur
369 2179 819 2241 memoriammemioriamr
845 2179 901 2227 Pur.
919 2180 954 2227 Et
962 2193 1006 2240 per
1016 2178 1156 2230 Herculem
1167 2183 1218 2230 aar
1225 2193 1298 2244 prom

194 2242 281 2303 sabulo
291 2244 351 2294 ordii
361 2248 457 2291 annuo
468 2243 524 2294 t'ur't.
559 2243 611 2292 Gn.
627 2243 693 2297 Quin
704 2243 784 2309 etium,
793 2257 837 2304 quo
847 2242 926 2303 nangis
934 2243 960 2290 id
970 2256 1054 2290 cerm
1064 2257 1117 2292 esee
1128 2249 1214 2295 credes
1223 2246 1297 2294 bou-

200 2321 270 2369 ruper
279 2309 356 2356 dicum
365 2322 375 2362 ,·
389 2311 489 2368 proauo
498 2308 588 2354 interea
599 2320 612 2355 e
620 2321 730 2368 gpooeeeo
740 2321 855 2367 egressus,
864 2312 888 2355 et
894 2307 965 2368 poulo
973 2311 1028 2367 post
1039 2306 1099 2356 illuc
1107 2322 1165 2356 moia
1172 2315 1241 2372 patre
1246 2309 1298 2357 istro

199 2385 283 2419 rursus
294 2384 399 2420 recussu
406 2373 452 2431 est,
463 2374 487 2418 et
498 2375 594 2433 utaque
604 2370 670 2419 dixit
677 2369 722 2419 tihi
737 2384 762 2418 se
768 2370 908 2434 perroittere
915 2383 967 2421 eam
975 2368 1064 2420 moero
1076 2385 1196 2423 uxorem
1213 2374 1299 2438 calpe

657 2513 836 2534 ΜΟΜΙΝΝ

197 2627 262 2679 nom,
279 2619 307 2661 et
326 2612 364 2662 sic
375 2612 440 2662 GM.
450 2612 613 2674 improbante
622 2613 694 2663 Per-l.
726 2614 852 2679 mirficum
861 2612 950 2663 Guelf.
962 2616 1059 2665 84—82
1076 2614 1209 2666 Priscian.
1220 2614 1298 2666 Inrtit

199 2677 246 2726 Gr.
258 2691 299 2725 ru.
309 2677 373 2724 citat
382 2681 451 2739 poter
461 2682 524 2725 isus.
558 2677 644 2740 Aliqui
657 2677 726 2739 libri,
744 2681 768 2726 iu
779 2677 957 2741 quibusssem.
970 2677 1009 2726 ita
1018 2677 1134 2742 babent,
1148 2686 1185 2730 est
1193 2677 1297 2744 paterb-

197 2745 298 2789 centuo:
310 2740 347 2788 ita
358 2749 386 2787 et
395 2741 533 2798 Donatno3
545 2755 603 2803 quae
613 2741 749 2790 collocatio
757 2742 893 2788 verhornm
904 2741 1011 2801 adjuvat
1024 2756 1143 2792 remum.
1154 2741 1201 2794 Fe.
1217 2741 1298 2794 Nostri

198 2804 325 2868 plerique,
336 2803 443 2851 Petrum
454 2807 508 2850 mua
518 2809 587 2864 poter
598 2810 649 2850 ert.-
666 2806 742 2864 male,
754 2802 813 2866 quia
832 2803 909 2852 Pater
925 2803 951 2852 iu
971 2803 1054 2853 Theoi
1072 2806 1217 2856 delitescit.
1232 2807 1297 2856 Reno

198 2881 275 2930 quern
288 2881 315 2914 se
336 2866 407 2914 uitur
427 2866 551 2929 Rip-oo
570 2865 629 2914 Duo
641 2881 673 2912 ex
686 2868 780 2915 nostris
793 2875 905 2927 veteres,
922 2867 956 2914 Ut
967 2866 1028 2915 haee.
1066 2869 1153 2932 Lege,
1175 2869 1231 2919 Uta’
1246 2869 1296 2918 ico.

196 2931 293 2979 Horat.
311 2881 399 2979 ‘hue
420 2936 506 2991 tegam
524 2943 618 2990 spurco
636 2929 729 2979 Dama
749 2930 842 2982 laturi'
859 2931 1001 2979 Boot—86
1018 2931 1140 2992 Agelaus
1151 2932 1297 2984 coorta.-

197 2997 229 3042 87
242 2993 366 3070 Inmodici]
382 2993 425 3042 tta
437 2992 552 3056 plerique
563 3000 651 3041 omues
663 2994 730 3044 Mos.
753 2995 788 3043 Et
799 2993 902 3042 videtur
912 2993 944 3041 Io
952 2993 985 3042 ob
997 2997 1161 3055 praecedeus
1170 3014 1194 3048 er
1204 2999 1229 3047 io
1240 3009 1295 3046 vace

93 3061 100 3067 ‘
142 3069 146 3074 ’
198 3057 277 3118 idum,
295 3071 368 3120 quau
388 3058 532 3117 ahooudans,
545 3057 692 3118 neglectum
713 3073 728 3105 a
746 3055 873 3105 nonnuliis
890 3057 1027 3107 librariis.
1072 3061 1140 3111 Turn
1157 3058 1296 3112 ‘inaudito’

196 3122 307 3170 maxime
319 3121 352 3168 dc
365 3120 442 3169 rebus
454 3119 563 3169 occultis
581 3120 685 3183 dicitnr,
703 3121 785 3184 qualis
803 3128 860 3169 erat
877 3121 1044 3170 cousuetudo
1057 3123 1131 3174 inter
1143 3125 1295 3175 Chremetem

196 3192 224 3233 et
235 3197 340 3233 uxorem
354 3185 497 3233 Lemniam.
516 3184 594 3234 Weat.
627 3184 660 3232 P.
679 3185 758 3247 Atque
768 3184 844 3234 hercle
853 3197 896 3245 ego
907 3199 997 3247 quoque
1007 3186 1080 3235 illum
1090 3189 1176 3239 cadmi
1185 3185 1293 3248 semim]

196 3245 241 3294 Ita
252 3247 311 3294 libri
322 3250 420 3307 uostri3
432 3246 477 3295 scd
489 3247 608 3295 Donatus
619 3246 740 3309 legebam
758 3249 828 3297 illem
840 3247 947 3296 inauditi
954 3263 964 3304 ,·
982 3248 1103 3314 Plautus,
1116 3254 1242 3318 inquit,ia
1251 3251 1293 3300 nfi-

195 3308 237 3356 lite
246 3310 365 3369 glorioso:
378 3312 441 3358 Nom
451 3311 494 3357 looc
503 3315 680 3369 commeatum
688 3311 764 3372 po'e‘toe
775 3326 825 3360 esse
832 3310 948 3360 inaudivi.
977 3311 1024 3362 Sic
1036 3315 1174 3367 editiones
1185 3329 1291 3380 nupera:

194 3373 241 3430 ped
255 3378 337 3434 uetus,
352 3373 417 3421 Num
428 3372 470 3420 lroc
480 3371 638 3420 columnatior.
664 3374 780 3435 Bepara,
801 3376 868 3424 Nom
877 3390 902 3423 oa
911 3375 1077 3426 mlumoutrom
1092 3382 1172 3441 po'e'to
1182 3396 1228 3431 esse
1236 3383 1292 3429 aaa·

195 3435 376 3487 dioiBorloro.
419 3437 501 3485 Extat
516 3436 543 3484 iu
553 3435 611 3484 Mil.
623 3436 698 3486 Glor.
708 3451 740 3486 ιι.
752 3441 776 3489 2.
787 3443 829 3489 56.
862 3439 988 3488 Ceterum
1006 3439 1061 3491 hoc
1081 3445 1139 3493 noli
1158 3441 1291 3495 Phormioni

196 3502 352 3563 attribuere,
362 3500 409 3550 sed
420 3513 479 3550 euru
492 3499 582 3550 codice
592 3499 754 3550 Academico
765 3500 918 3564 Antiphoni.
935 3501 968 3551 id
980 3516 1015 3551 ex
1025 3517 1071 3554 res
1090 3521 1158 3557 onso
1170 3504 1292 3564 concubit,

195 3565 241 3633 ubi
252 3567 369 3629 Patruus,
381 3564 435 3614 Tibi
442 3569 592 3628 potestateve,
605 3565 638 3613 Te
645 3566 787 3628 requirerem
798 3567 830 3615 ad
844 3565 1023 3628 Antiphonem
1036 3521 1202 3624 referuntur.
1232 3573 1290 3621 Pra-

197 3638 278 3691 terea,
290 3631 345 3692 janu
357 3629 432 3678 modo
442 3630 546 3678 dixerat
563 3628 694 3688 Phormio,
712 3629 845 3690 Somnium,
860 3634 917 3678 stne
927 3630 971 3678 illo
981 3629 1112 3691 maret
1129 3641 1238 3701 moeni
1250 3647 1290 3683 uon

195 3695 318 3743 convenit
330 3707 401 3755 ergo,
409 3698 439 3742 ut
448 3694 571 3742 continuo
581 3693 669 3755 addat,
679 3708 705 3742 se
715 3708 767 3741 rem
775 3693 844 3756 priua
852 3693 1004 3744 inaudivisse·
1022 3696 1140 3760 Repoue
1152 3702 1239 3765 igitur,
1247 3697 1288 3748 Aa.

195 3758 274 3821 Atque
284 3757 361 3807 hercle
371 3772 414 3818 ego
424 3771 512 3820 quoque
522 3758 589 3805 illam
597 3756 827 3815 mundioisoosluru.
860 3755 947 3807 Recte
958 3774 964 3806 o
982 3757 1109 3823 Antipho
1119 3757 1288 3825 inaudivitqri

195 3819 1126 3939 tttttttttaeltlltlti“toi‘'utttttlltttt‘iuthi
1142 3829 1215 3943 1⁸⁵⁰?
1224 3824 1288 3940 ill

197 3947 279 3998 Zeun.
312 3948 403 3998 Audiui
414 3950 527 3998 loa-aa
543 3917 619 4009 mage
636 3899 689 4011 quo(l
696 3948 774 3997 Both.
788 3901 884 3996 iaetu.
902 3947 941 3998 (lo
960 3921 988 3997 d.
1000 3906 1287 4060 quidamfliriaquwd

197 4018 286 4060 tuetur
304 4012 338 4062 G.
350 4013 501 4062 Fabricius:
517 4010 621 4074 quaudo
632 4011 702 4062 lotor
712 4011 817 4069 valelut,
827 4009 936 4061 ἔνδοθενε
954 4012 1009 4060 nihi
1031 4013 1193 4070 familiarius
1201 4020 1288 4070 Plauto.

195 4075 241 4124 Sic
252 4075 350 4127 Pseud.
361 4089 392 4125 u.
403 4080 427 4126 2.
440 4081 481 4127 1⁰.
496 4074 619 4125 ‘Ostium
638 4075 757 4138 pultabo,
773 4080 851 4138 atque
871 4075 942 4125 intus
957 4079 1082 4129 evocabo
1093 4084 1207 4148 aliquem
1217 4076 1287 4131 foras!

201 4139 344 4189 Writ-lto
360 4141 421 4190 Post
431 4139 577 4191 Msdmelto
587 4139 666 4192 Both.
678 4140 833 4190 tacite-oo
856 4139 889 4189 Iu
907 4140 979 4190 nullo
997 4145 1110 4199 oruuiuo
1121 4149 1190 4200 lion
1199 4143 1285 4199 iarub
