2678 4694
301 298 617 355 uururourrrron.
641 306 724 355 nor.
744 308 793 354 ιν.
818 307 870 357 so.
888 307 928 356 11.
1099 272 1165 361 017

56 452 151 517 Nam
161 451 253 536 qnod
264 451 305 515 de
314 458 448 534 argento
458 471 601 535 sperem,
611 457 672 517 aut
680 470 785 535 posse
795 452 965 534 postulem
976 473 1029 518 me
1039 450 1164 533 fallere,

56 555 157 620 Nihil
171 560 241 619 est:
263 551 441 636 triumpho,
457 551 487 616 si
503 553 586 616 licet
599 573 652 618 mo
667 552 772 618 latere
788 560 876 618 tecto
892 554 1084 619 abscedere.
1142 559 1165 620 5
1210 636 1215 647 ι

58 657 212 732 Crucior,
224 654 340 718 bolum
352 659 484 720 tantum
498 655 581 717 mihi
594 659 743 738 ereptum
758 659 826 718 tam
838 657 980 720 subitos
995 656 1164 723 saucibus.

58 757 152 837 Quid
176 758 298 839 agami
322 763 381 821 aut
405 756 486 841 quid
512 758 774 822 comminiscar?
797 757 883 821 ratio
903 757 944 822 de
965 758 1091 844 integro
1114 760 1166 826 in·

61 921 64 925 .
195 854 305 923 eundo
320 857 361 922 ’st
376 858 469 922 mihi.

58 961 155 1028 Nihil
170 969 238 1026 tam
253 957 386 1025 difficile
402 957 454 1037 ’st,
477 961 560 1043 quin
575 961 755 1043 quaerendo
770 960 963 1042 investigari
979 962 1120 1045 possiet.

58 1062 165 1142 Quid,
180 1063 212 1126 si
234 1062 299 1126 hoc
322 1081 410 1126 nunc
435 1061 485 1125 sic
508 1061 693 1145 incipiamt
717 1061 800 1125 nihil
819 1067 889 1127 est:
913 1063 1007 1146 quid,
1030 1062 1061 1126 si
1085 1064 1163 1130 sici

190 1163 385 1228 tantundem
401 1183 508 1246 egero.
772 1230 775 1236 Δ

57 1264 106 1332 At‘
129 1268 181 1333 sic
201 1266 340 1348 opinor:
362 1285 428 1329 non
446 1268 576 1348 potest:
601 1265 702 1329 immo
720 1270 870 1348 optumo.
915 1264 1030 1347 Euge!
1051 1266 1161 1332 habeo

191 1372 374 1451 optumam.
1119 1369 1162 1433 10

57 1470 245 1538 Retraham
265 1469 388 1546 hercle,
411 1466 542 1551 opinor,
564 1464 608 1529 ad
630 1487 684 1531 me
706 1467 796 1533 idem
817 1466 901 1532 illud
916 1468 1095 1551 fugitivum
1110 1466 1162 1534 arss

190 1569 325 1654 gentum
346 1577 470 1635 tamen.

56 1789 118 1835 orde
127 1788 203 1836 ultum
210 1801 276 1850 spem
284 1787 381 1837 testeum
391 1785 513 1847 orp'emdi
523 1786 628 1847 argenti,
638 1785 791 1846 uotsotteoeti
806 1787 876 1837 mis.
914 1787 1043 1838 Victoriam
1059 1789 1164 1851 obtineo,

57 1853 79 1899 si
91 1852 150 1900 mitri
161 1853 296 1902 oooeeditor
307 1858 368 1912 toto,
379 1856 404 1900 et
414 1851 465 1900 sine
475 1851 554 1913 pingis
565 1850 636 1898 ense.
653 1851 738 1912 Angor
749 1853 834 1916 opimi,
842 1855 902 1915 qood
909 1858 958 1902 tom
969 1853 1165 1914 iouomsrrestom

57 1913 116 1963 mitri
134 1931 164 1965 ex
182 1921 281 1978 gutture
303 1922 353 1965 tum
364 1921 459 1978 reperite
470 1915 656 1977 exeruerimus,
668 1917 694 1963 id
704 1921 749 1977 est,
757 1921 827 1966 tuoto
837 1918 1000 1980 opportunitas
1009 1919 1166 1982 extorquendi

56 1983 154 2040 urgenti
164 1996 179 2029 u
190 1995 254 2032 serre.
288 1980 353 2036 Quis
365 1980 467 2041 forium,
485 1984 527 2027 oret
545 1980 602 2040 quiet
619 1977 770 2041 excogitem?
794 1981 965 2031 Invenieudom
974 1985 1049 2032 derso
1059 1984 1118 2032 miii
1128 1988 1165 2032 est

56 2045 293 2096 marcomerem.
328 2044 400 2093 Nitit
417 2049 452 2093 est
469 2051 519 2091 tam
538 2043 685 2106 impeditum,
705 2046 766 2107 orroei
785 2060 832 2094 noo
850 2047 925 2109 possit
936 2050 1038 2096 rorando
1049 2048 1166 2110 expertiri.

59 2109 438 2164 Quideritsimrresieordiort
453 2108 500 2156 tote
599 2109 743 2157 consatellites
752 2111 919 2159 promentiest.
955 2111 1020 2166 Quiri-
1031 2112 1165 2160 eritsitsoe

54 2176 125 2236 porto
138 2171 251 2234 surium?
274 2189 322 2222 rore
337 2173 438 2236 amptius
450 2186 483 2234 pr
507 2186 587 2221 eeero:
611 2176 638 2219 ot
656 2187 736 2221 censeo
753 2173 863 2236 sioposm
875 2174 952 2238 fieri:
969 2174 1064 2223 minime
1071 2181 1165 2239 potest:

57 2238 129 2285 impio
139 2253 195 2287 vero
204 2237 305 2302 perietis
308 2237 369 2302 fieri
380 2242 467 2298 potest.
504 2237 550 2284 Eis
559 2237 608 2284 seio
620 2237 702 2285 mnam
709 2237 813 2301 peram
824 2237 945 2286 etisiem
955 2239 1079 2288 rotiomm.
1113 2240 1164 2288 Per

58 2302 198 2364 Herodem,
207 2304 238 2351 ud
248 2317 294 2365 me,
303 2307 331 2351 ot
347 2307 414 2364 poto,
430 2301 539 2350 reducem
552 2302 676 2364 pecarium
693 2304 791 2352 eosdm
807 2301 882 2367 itione,
896 2318 948 2366 ques
959 2308 1069 2367 torquem
1079 2304 1168 2356 moad·

54 2367 262 2446 piumjogitioom
271 2382 287 2416 o
297 2380 333 2416 me
344 2380 368 2415 se
376 2365 506 2430 proripuit.

56 2627 122 2691 tegit
135 2626 199 2677 Nisi
204 2625 325 2689 provideo,
336 2630 424 2676 rra—t
440 2625 483 2677 ΑΙ.
500 2630 562 2690 qood
572 2642 661 2690 sperem
672 2629 701 2677 rie
711 2633 818 2688 urgento.
835 2625 968 2683 M-sottere
980 2627 1164 2678 terum-⁵12.

57 2691 208 2755 Stephanus
222 2690 263 2740 ed.
274 2693 300 2739 in
311 2695 335 2740 8.
347 2691 407 2740 nuni
420 2696 495 2741 1545.
509 2693 547 2740 ite
566 2692 691 2741 exhibet:
716 2692 804 2739 sitiret
814 2704 850 2738 me
861 2691 934 2746 lutere
946 2695 1016 2751 tecto,
1033 2692 1167 2742 discedere:

56 2753 173 2820 questro
192 2754 311 2804 ‘'tatere'
332 2755 441 2805 verbum
463 2756 508 2816 sit,
523 2769 574 2805 non
587 2770 691 2805 nomen.
712 2756 789 2804 West.
808 2755 834 2802 io
845 2757 909 2804 Ado.
935 2755 995 2817 Bip.
1013 2756 1167 2817 totereteeto,

56 2821 148 2870 steen.
166 2821 214 2868 Br.
226 2820 315 2870 seilicet
327 2822 456 2881 metatore,
468 2824 530 2869 tecto
539 2819 638 2869 oia-6
656 2821 726 2881 Lego
737 2833 770 2867 ex
782 2818 882 2866 duobus
897 2822 1004 2879 nostris,
1017 2819 1116 2867 Crucior-
1126 2821 1166 2868 bo·

56 2887 103 2934 torn
114 2885 282 2933 mittitontom
299 2899 321 2932 e.
337 2885 415 2961 Bent.
450 2884 534 2933 itaet
552 2884 713 2934 PerLBoth.
747 2881 944 2946 lnqnibusdum
956 2883 1087 2958 Mss5est:
1104 2884 1165 2933 miii

55 2947 758 3076 :sbigsirzpefflrgmjosffipffit{vcpggariiltxbssgimig
769 2945 1165 3074 ezbssttlieossiiiiiiidbiirifflsfiri

56 3079 113 3128 attis
127 3076 254 3128 deletum.
274 3077 351 3128 West.
385 3078 464 3141 Vutg.
484 3078 558 3139 Quid,
568 3077 591 3127 si
602 3079 644 3128 teoe
653 3079 689 3126 sie
705 3077 817 3142 insipiam
827 3081 907 3125 ornet
923 3075 999 3125 nem.
1013 3076 1072 3125 uss.
1083 3083 1110 3125 et
1121 3077 1165 3129 Vi.

56 3143 166 3205 hubent,
180 3140 255 3200 Quid,
268 3142 289 3189 si
305 3142 347 3190 too
357 3156 419 3190 nore
429 3157 448 3190 e.
464 3141 483 3191 i.
510 3142 565 3192 Pro
578 3156 647 3203 egero
659 3143 738 3191 Beni.
751 3141 853 3204 reponit
863 3155 917 3202 ugo.
945 3141 1041 3204 ‘Vutp
1059 3142 1126 3205 quid,
1143 3143 1166 3191 si

55 3208 105 3257 siet
122 3221 157 3257 m.
168 3207 187 3256 t.
220 3204 478 3255 Siesubaudierrdum
498 3214 547 3266 est,
563 3221 614 3255 nou
631 3206 812 3265 scribendum
833 3212 920 3254 natum
933 3204 969 3264 id,
986 3203 1111 3268 attollor,
1131 3219 1164 3257 ex

55 3270 117 3321 ‘si’
152 3271 231 3320 Bent.
253 3285 300 3333 pro
319 3285 389 3331 egero
409 3271 554 3333 reponebat
571 3286 626 3335 ugo,
643 3271 725 3319 minus
735 3270 840 3334 quidem
852 3267 1040 3333 probabiliter!
1057 3270 1165 3320 Boiu-

56 3340 88 3385 lo
105 3337 178 3396 Euge
189 3334 303 3398 optimam
311 3333 395 3396 trobeo]
413 3336 488 3384 Beni.
499 3336 569 3386 tabeo
580 3336 710 3399 optimum:
727 3335 764 3384 ita
775 3340 803 3384 et
812 3335 855 3383 vi.
866 3341 894 3384 et
911 3335 972 3382 Bas.
984 3347 1042 3396 quse
1054 3335 1164 3384 colloce-

55 3401 94 3449 'tio
114 3399 277 3450 numerosior
295 3405 344 3448 est.
363 3399 409 3448 Fu.
443 3400 486 3448 Sic
506 3407 533 3448 et
552 3400 635 3448 nostri
653 3400 721 3448 libri.
747 3399 822 3449 Bent.
855 3399 901 3448 Br.
916 3398 991 3446 Immo
1008 3402 1101 3460 optume
1120 3405 1164 3450 est.

55 3466 126 3526 Euge
136 3468 257 3527 optumum
275 3462 356 3511 troies.
390 3463 463 3513 ‘Ma
482 3464 553 3528 Lips.
573 3464 661 3513 tabeo.-
684 3463 764 3524 erige!
786 3463 899 3526 optimam
915 3461 996 3511 tabeo.
1023 3462 1163 3512 Ionum.

54 3529 154 3591 injecto
165 3533 210 3578 est·
242 3527 295 3578 Qui
315 3528 366 3588 leg.
385 3532 413 3576 et
432 3528 523 3578 eottoc.
543 3529 680 3588 ita‚1mme
699 3532 791 3590 optume
810 3533 856 3587 est,
874 3541 942 3588 euge,
955 3526 1164 3589 epitomasse:

53 3593 129 3642 Peri.
163 3593 211 3643 Est
221 3597 282 3656 post
292 3596 385 3652 optume
395 3590 483 3640 Gneli.
494 3596 582 3641 2-11
601 3591 645 3641 Al.
657 3592 716 3640 ittod
725 3593 797 3644 idem.
815 3593 824 3621 ‘
836 3590 934 3656 Temere]
950 3592 1070 3640 Fortasse
1082 3590 1163 3655 valet,

54 3659 151 3708 tantem
157 3673 168 3718 ,·
185 3657 232 3709 red
243 3651 331 3719 ἐπέχω.
344 3655 414 3722 Guy.
426 3657 453 3708 in
464 3655 553 3711 Gloss.
564 3657 635 3708 Mes!
656 3657 729 3708 West.
