2678 4694
192 305 257 369 540
473 320 630 370 raanan
655 322 1003 372 turnacocurouas.

191 462 459 515 Exeosrrro’l'rrocr.
493 461 562 512 Acta
583 469 622 512 est
641 462 667 512 id
687 471 728 512 est
747 463 858 513 recitata
869 471 907 512 est
919 464 987 513 ludis
998 464 1197 527 Megalensibus
1211 465 1282 515 Lucis

226 544 345 594 Cornelio
358 543 468 591 Lentulo
480 543 562 594 Lucio
574 544 678 593 Valerio
690 544 807 593 aedilibus
824 545 965 595 cunalibus.
998 545 1099 607 Egere:
1119 543 1240 594 lecerunt
1250 548 1283 596 rei

226 623 471 673 administraverunt
482 624 528 673 lros
540 624 614 674 ludos
625 625 789 686 Megalenses
801 625 827 674 in
840 625 945 674 Graecia
957 626 1057 687 quaudo
1070 627 1120 675 ista
1133 625 1226 675 fabula
1238 629 1285 676 Me·

225 703 319 753 nandri
332 703 640 753 Heautontimorumenos
652 706 764 755 recitata
776 714 816 756 est
835 706 931 756 Lucius
943 706 1076 755 Ambivius
1087 708 1187 768 Turpio
1200 709 1285 756 Lucius

226 783 530 834 AttiliusPraenestinus.
555 786 650 835 Grata
660 786 800 835 Menandri
812 789 903 849 prima.
928 787 1019 836 ltaest
1027 788 1202 850 jungendum.
1226 789 1287 839 Acta

226 869 268 914 est
279 866 374 915 Graeca
394 863 482 914 fabula
495 866 634 914 Menandri
653 866 736 929 prima
748 866 816 930 apud
833 867 963 929 Megalem
983 869 1116 915 civitatem
1135 869 1194 916 istis
1217 884 1286 932 supra

227 945 305 995 dictis
328 943 440 995 officium
460 945 610 1009 gerentibus
630 961 708 1010 super
728 946 799 996 aedes
817 947 927 996 curiales
946 947 1043 998 Rornae.
1083 948 1153 998 Acta
1172 951 1286 999 secunda.

226 1025 320 1075 Modos
339 1024 402 1075 fecit
418 1027 526 1075 Flaccus
542 1025 702 1074 clauditibiis
722 1025 822 1075 duabus
840 1026 940 1075 dextris
952 1028 1044 1076 Marco
1056 1027 1135 1077 Junio
1147 1029 1212 1078 Tito
1223 1031 1286 1079 Sem·

228 1108 320 1172 pronio
333 1107 499 1156 Consulatum
512 1107 661 1168 gerentibus
673 1108 770 1158 Romae.
798 1109 908 1157 Flaccus
917 1123 980 1157 vero
991 1109 1135 1165 modulavit
1146 1123 1214 1159 eam.
1241 1110 1287 1174 Ap·

227 1188 340 1253 pellatur
352 1194 437 1236 autem
449 1188 504 1236 lraec
516 1186 602 1236 fabula
615 1187 923 1238 Heautontimorumenos
935 1188 1003 1253 quod
1015 1188 1107 1238 Latine
1119 1197 1196 1238 sonat
1212 1206 1239 1239 se
1256 1193 1287 1253 ip-

227 1284 281 1317 sum
292 1267 444 1317 excrucians
456 1266 510 1316 aive
521 1267 547 1316 in
556 1282 625 1316 snam
637 1268 717 1332 ipsam
730 1271 947 1320 excruciationem
960 1285 1120 1333 permanens.
1148 1271 1289 1326 Introducit

229 1348 297 1397 eninr
309 1348 334 1396 iu
346 1349 393 1398 hac
404 1347 493 1397 fabula
504 1347 633 1411 quendam
646 1363 733 1397 senem
743 1351 844 1400 nomine
865 1351 1047 1399 Menedemum
1064 1351 1107 1414 qni
1124 1351 1205 1400 nimio
1216 1366 1288 1415 opere

228 1443 258 1478 ac
271 1428 358 1477 labore
369 1434 450 1478 semet
461 1428 546 1491 ipsum
557 1429 719 1478 excruciavit
730 1444 785 1492 pree
797 1430 888 1479 dolore
900 1445 930 1479 eo
943 1430 1010 1495 qrrod
1023 1431 1103 1479 illium
1115 1446 1192 1480 sirum
1209 1447 1290 1480 severa

226 1509 404 1573 increpatione
417 1524 468 1558 ase
480 1508 596 1573 fugasset
606 1510 666 1559 dum
681 1518 803 1574 pergeret
812 1509 963 1575 frequenter
974 1511 1006 1559 ari
1017 1519 1141 1560 scortum.
1176 1512 1290 1561 Venditis

227 1591 295 1661 euim
308 1605 383 1654 paene
394 1591 519 1651 omnibus,
532 1606 590 1655 quae
602 1591 725 1654 babebat,
736 1593 842 1655 accepit
854 1601 964 1642 rastrum
976 1593 1109 1657 eoepitque
1120 1606 1212 1655 agrurn
1220 1609 1289 1644 exco-

228 1671 282 1719 lere
294 1672 372 1720 uimia
384 1671 516 1720 instantia.
549 1671 632 1721 (luem
650 1672 711 1721 dum
731 1674 796 1721 alius
816 1688 895 1722 senex
906 1673 1008 1722 nomine
1020 1674 1143 1722 Chremes
1155 1675 1290 1738 interroga·

229 1752 268 1801 vit
280 1752 341 1815 quid
353 1752 402 1800 boc
414 1758 484 1800 esset
495 1751 565 1815 quod
576 1767 604 1800 se
615 1752 659 1801 die
671 1760 798 1818 nocteque
816 1753 854 1803 ita
865 1756 994 1802 cruciaret
1007 1754 1192 1817 enarravitque
1209 1757 1234 1804 ei
1244 1771 1289 1804 om-

229 1847 289 1881 nem
301 1831 417 1880 ordinem
434 1831 472 1879 rei
493 1844 601 1894 cumque
621 1833 769 1883 hortaretur
780 1848 838 1882 eum
851 1833 982 1897 paululum
994 1834 1172 1896 requiescere,
1184 1835 1289 1883 obtineri

229 1911 385 1976 nonpotuit.
418 1911 534 1961 Dicebat
544 1912 626 1962 euim:
646 1913 739 1962 sinent
751 1913 915 1964 sumatfilius
933 1928 1005 1963 meus
1022 1912 1055 1961 de
1073 1928 1114 1961 me
1131 1928 1230 1977 peenas.
1260 1915 1290 1963 At

230 2008 292 2043 vero
304 1994 329 2042 iu
341 1992 457 2055 proximo
469 1993 606 2055 requievit,
624 1995 741 2057 quoniam
753 1995 820 2044 filius
839 1996 896 2058 ejus
913 2009 1032 2044 reversus
1049 2000 1096 2041 est.
1130 1993 1228 2043 Cetera
1240 2010 1290 2059 qun

232 2077 291 2140 ipse
301 2074 385 2123 Poe'ta
395 2073 459 2121 miro
472 2072 549 2122 modo
562 2074 665 2136 dilatat,
680 2076 816 2139 sequentia
832 2073 1045 2123 manifestabunt.
1078 2072 1154 2121 Hanc
1166 2082 1252 2123 autem
1263 2075 1292 2123 ia·

230 2157 318 2206 balam
328 2155 395 2203 sicut
404 2159 431 2202 et
442 2162 545 2203 ceteras
558 2155 705 2203 Menander
714 2157 786 2219 prius
796 2157 891 2206 Graeco
901 2169 1019 2203 sermone
1033 2154 1190 2215 composuit.
1224 2156 1290 2203 Post·

232 2253 264 2285 ea
282 2249 395 2298 praeseus
415 2235 528 2283 comicus
549 2235 648 2283 Latinis
659 2251 750 2286 novam
763 2236 877 2286 reddidit
888 2249 1010 2300 moreque
1022 2247 1069 2282 suo
1081 2232 1107 2281 iu
1119 2234 1233 2298 prologis
1248 2250 1290 2284 ma·

232 2316 336 2367 ledictis
350 2315 499 2364 aemulorum
512 2316 658 2379 respondit.

615 2525 876 2538 Ἥ

615 2541 876 2558 m

410 2695 615 2774 FABULAE
638 2691 1087 2760 INTERLOCUTORES·
1120 2721 1127 2733 ·

202 2845 399 2928 CHREMES,
419 2871 518 2927 senec,
545 2847 731 2932 Clitiphonis
748 2857 853 2930 pater.
900 2845 932 2906 A
949 2841 1161 2931 χρέμπτεσθαι,
1175 2861 1294 2916 screare,

288 2951 371 3036 quod
384 2973 463 3014 senes
478 2972 595 3013 screare
612 2947 738 3012 soleant.

203 3051 403 3130 Cclrlr’HO,
424 3050 605 3128 adolescens,
633 3047 801 3112 Chremetis
812 3044 916 3132 filius.
962 3048 993 3110 A
1019 3046 1140 3125 κλειτὸς,
1158 3045 1296 3132 inclytus,

288 3163 318 3215 et
333 3158 399 3235 φῶς,
416 3150 490 3215 lua:
513 3175 542 3236 q.
558 3152 587 3214 d.
603 3151 752 3237 inclytum
768 3149 879 3215 lumea.

204 3254 347 3332 SYkUS,
362 3275 464 3317 servus
482 3251 662 3317 Chremetis.
709 3252 741 3314 A
753 3253 866 3339 patria
884 3249 980 3336 Syria
997 3249 1105 3313 dictas.

205 3355 466 3435 MENEDEMUS,
491 3376 590 3433 senex,
617 3354 727 3418 Clima
736 3367 841 3439 pater.
887 3354 918 3416 A
933 3350 1024 3434 μένος,
1040 3350 1149 3429 robur,
1166 3362 1195 3413 et
1209 3351 1297 3431 δῆμος,

284 3454 442 3541 populus:
464 3480 495 3544 q.
511 3455 542 3520 d.
558 3456 654 3521 robur
663 3457 784 3540 pupuli.

205 3559 358 3636 OMNIA,
374 3557 554 3638 adolescens,
572 3558 748 3624 Menedemi
756 3557 860 3645 filius.
906 3558 939 3624 A
955 3555 1053 3636 nulia,
1074 3553 1200 3620 inclino.
1253 3550 1301 3616 Vel

290 3686 310 3726 a
326 3660 417 3740 κλίνη,
435 3661 528 3725 lectus
543 3661 717 3744 nephalim
738 3685 812 3724 reram
828 3659 1028 3744 Antiphilam
1042 3679 1168 3722 uxorem
1183 3657 1282 3721 duait.

133 3785 136 3792 ’
207 3764 360 3844 Dltomo,
376 3785 478 3828 serum
496 3761 684 3829 Menedemi.
727 3763 759 3825 A
775 3761 882 3849 δρόμος,
898 3783 1012 3823 cursus.

207 3864 417 3946 SOSTRATA,
442 3862 610 3928 Chremetis
636 3886 725 3930 uxor.
771 3863 801 3926 A
825 3862 919 3942 σώζω,
942 3884 1039 3939 servo,
1062 3871 1098 3924 ut
1120 3882 1188 3946 quae
1198 3859 1302 3942 filium

294 3969 531 4053 exporrijussam
545 3968 744 4030 conservavit.
1282 4013 1285 4017 .

209 4067 388 4146 Bacenis,
414 4071 512 4134 amica
538 4068 736 4154 Clitiphonis.
783 4067 815 4131 A
839 4064 964 4151 βάκχος,
980 4074 1107 4149 propter
1130 4062 1303 4127 ebrietatem

295 4168 344 4232 rel
357 4169 521 4235 insaniam.
