2678 4694
193 325 258 393 998
567 333 599 382 r.
621 326 918 379 runnurrr‘urnr
995 326 996 335 ¹

194 483 289 565 Quid
303 483 415 548 minus
431 478 546 543 utibile
559 477 634 554 init,
644 495 743 559 quam
757 473 822 538 hoc
838 473 935 537 ulcus
950 475 1100 553 tangere,
1199 490 1201 495 ·
1231 468 1237 525 ξ
1256 467 1290 533 lo

194 584 266 651 Aut
280 582 448 648 nominare
462 579 625 644 uxoremt
649 576 776 659 injecta
789 581 842 640 est
856 592 936 658 spes
954 574 1056 655 patri,
1283 574 1286 580 “

196 686 306 752 Posse
320 686 412 749 illam
427 682 571 747 extrudi.
614 679 709 746 cedo
723 698 811 742 nunc
826 696 936 762 porro,
952 672 1129 740 Phormio

198 790 324 857 Dotem
339 787 368 849 si
384 784 542 867 accipiet,
557 802 645 847 uxor
658 780 809 846 ducenda
824 786 875 844 est
889 779 1045 843 domum:

198 888 293 969 Quid
309 885 386 952 nott
431 885 499 950 Gn.
516 882 595 948 Nou
609 885 697 948 euim
712 881 822 946 ducet.
865 879 938 945 Au.
956 877 1071 944 Novi:
1094 887 1254 956 ceterum,

198 991 285 1057 Cum
300 995 468 1072 argentum
484 992 644 1069 repetent,
659 993 773 1050 nostra
790 1003 892 1048 causa
905 982 1038 1046 scilicet
1252 974 1290 1043 1⁵

198 1095 242 1159 Iu
255 1110 392 1156 nervom
406 1088 519 1172 potius
531 1088 604 1152 ibit.
649 1087 717 1151 Ga.
742 1087 835 1150 Nihil
851 1091 914 1161 est,
926 1083 1095 1168 Antipho,

199 1194 291 1273 Quia
304 1191 391 1257 male
405 1189 570 1255 narrando
586 1191 698 1274 possit
713 1188 937 1271 depravarier.

199 1293 256 1359 ‘lu
271 1292 317 1372 id,
333 1291 422 1374 quod
438 1291 519 1356 boui
534 1299 597 1368 est,
611 1291 789 1373 excerpis3
812 1288 910 1365 dicis,
927 1287 1020 1371 quod
1036 1287 1122 1352 mali
1139 1295 1204 1351 est

200 1393 295 1460 Audi
308 1413 398 1457 nunc
410 1401 524 1458 contra
533 1395 627 1478 jaim:
650 1397 680 1458 si
696 1399 865 1475 argeutum
878 1379 1063 1473 acceperit,

200 1495 368 1566 Ducenda
383 1502 436 1560 est
451 1515 550 1574 uxor,
564 1503 603 1560 ut
616 1496 686 1560 ais:
711 1491 861 1559 concedo
878 1491 949 1556 tibi.
975 1512 979 1521 ·
1258 1488 1294 1553 20

198 1598 357 1682 Spatium
373 1597 511 1680 quidem
525 1597 660 1662 taudem
676 1595 875 1680 apparandis
890 1592 1030 1675 nuptiis»,

95 1751 100 1763 .
199 1700 369 1779 Vocandi,
384 1699 617 1778 sacruficandi,
633 1700 766 1764 dabitur
777 1697 961 1782 paululum.

200 1803 332 1868 Interea
346 1803 458 1879 amici,
472 1803 561 1885 quod
577 1803 722 1885 polliciti
737 1807 825 1877 sunt,
840 1799 985 1863 dabunt:

200 2031 252 2082 dot.
287 2032 362 2094 Non,
373 2032 463 2089 amobe,
473 2030 530 2096 qnid
537 2030 614 2081 minoe
624 2031 650 2080 in
659 2047 708 2081 rem
718 2046 802 2087 mecm,
813 2032 915 2095 miliique
925 2032 1001 2080 ndum
1011 2031 1232 2092 commodumsue‘t,
1241 2044 1299 2093 mum

199 2097 227 2144 itt
245 2095 306 2146 herc
321 2099 435 2148 comicum
453 2112 553 2160 ongum
562 2097 699 2151 immittere.
710 2096 757 2156 due
768 2098 804 2145 rei
815 2098 931 2146 mentione
940 2096 1021 2156 sueto,
1032 2111 1087 2159 quoe
1099 2097 1171 2147 noim
1181 2096 1215 2150 aii
1223 2095 1300 2156 adime,

200 2165 226 2210 et
247 2161 349 2211 dotorem
367 2160 473 2226 offerot3
496 2169 538 2210 out
559 2176 640 2210 nomen
661 2163 734 2210 solum
755 2163 933 2210 orcomenam
951 2166 1023 2224 putre
1036 2159 1222 2224 pronuntiare?
1244 2158 1300 2225 apem

199 2225 432 2290 pottiseeirtipoeee
443 2228 507 2278 ilium
517 2228 584 2275 domo
595 2225 665 2286 ejici:
681 2227 719 2274 die
730 2241 783 2274 uero
793 2241 863 2284 moue,
879 2226 901 2274 ci
917 2225 1041 2287 penarum
1059 2226 1086 2274 iu
1098 2227 1184 2276 dotem
1201 2222 1298 2287 Pltemt'e

200 2303 218 2339 e
227 2295 304 2352 petre,
313 2296 337 2340 et
347 2307 362 2339 o
372 2297 458 2352 patruo
467 2291 575 2354 accipiet,
591 2291 613 2337 ri
631 2293 656 2338 in
669 2290 719 2350 <ina
734 2293 827 2339 donnum
842 2290 949 2339 deductio
966 2304 1061 2354 rpem
1068 2288 1193 2349 facienda
1200 2285 1299 2352 crispo]

200 2354 311 2403 eveniet?
325 2356 382 2417 quid
392 2354 499 2419 mefiett
531 2355 582 2405 Gn.
600 2353 712 2403 Phormio
724 2355 815 2417 quidem
826 2370 872 2402 non
882 2356 960 2404 ducet.
994 2353 1051 2405 Ati.
1068 2355 1148 2404 Seio:
1167 2356 1298 2417 oeream

200 2431 267 2466 renea
277 2419 354 2466 matri
364 2424 490 2479 argentum
503 2425 607 2481 repetere
617 2419 718 2481 cupient,
728 2419 768 2467 ille
779 2418 891 2466 Plrorroio
903 2419 977 2467 couri
988 2433 1062 2467 coum
1072 2419 1100 2467 itt
1111 2419 1209 2470 viuculo
1218 2434 1241 2468 ae
1254 2433 1298 2466 oar·

195 2479 243 2541 jici
252 2486 275 2529 et
285 2484 349 2531 metti
358 2482 447 2530 scilicet
456 2483 563 2544 potietur
571 2482 658 2545 potius,
670 2499 738 2546 quum
748 2484 831 2532 reddet
843 2483 903 2546 quod
913 2483 1021 2531 romalii.
1056 2481 1113 2533 Gre-
1132 2485 1209 2534 Nutu
1217 2499 1253 2532 rea
1261 2486 1297 2540 eat,

199 2544 315 2613 ¹Antipho,
326 2562 377 2609 que
388 2547 447 2596 mole
457 2547 535 2596 certia
545 2547 703 2610 exprimendo,
714 2548 806 2604 citiori,
816 2552 839 2595 et
847 2548 973 2610 corrumpi,
982 2553 1007 2595 et
1024 2547 1052 2596 in
1063 2549 1210 2602 deteriorem
1218 2551 1297 2612 portet!

199 2610 262 2659 certi
277 2625 323 2660 aori
339 2611 423 2672 poscit.
457 2612 534 2660 Taciti
549 2613 611 2675 quod
627 2611 681 2659 loni
697 2617 732 2660 est
748 2611 882 2674 supprimis,
898 2616 921 2660 et
937 2611 1030 2674 excipio
1046 2627 1173 2664 acerrume
1189 2613 1297 2676 pomam

191 2673 259 2723 ‘noli
269 2679 315 2734 eat,
326 2675 384 2724 illud
395 2689 568 2724 commemoras.
600 2674 667 2723 Audi
676 2676 895 2733 noneeontrujum:
911 2678 932 2724 ai
944 2675 1063 2725 Phemio
1073 2679 1203 2740 pecuarium
1211 2677 1296 2726 domitu

200 2753 255 2787 occe
271 2742 326 2799 erit,
336 2755 397 2799 eam,
408 2746 435 2789 ut
448 2741 518 2797 dicio,
528 2753 626 2788 uxorem
642 2741 725 2789 docem
741 2739 853 2802 oportebit
865 2755 875 2796 ,·
890 2754 933 2802 per
947 2755 985 2789 me
995 2741 1074 2798 lieet,·
1090 2746 1137 2793 aed
1146 2759 1202 2793 auae
1210 2740 1296 2805 sitttt'tt⁸

258 2804 321 2851 olon
339 2806 434 2852 tandem
451 2805 474 2852 ei
493 2806 632 2852 comedetur
644 2807 675 2852 od
691 2809 832 2869 apparatum
842 2805 977 2866 nuptiarum
982 2802 1132 2868 faciendum
1138 2824 1149 2866 ,·
1166 2809 1197 2857 od
1207 2805 1294 2854 meo-

201 2867 257 2915 drtm
275 2867 425 2932 propinquos,
441 2870 472 2917 od
491 2883 559 2917 socru
570 2867 699 2927 socienda:
726 2872 782 2917 dom
802 2869 853 2917 ἠως
873 2868 1027 2931 curabuntur,
1049 2873 1127 2922 amici
1147 2874 1208 2936 qaod
1220 2864 1294 2937 promi·

202 3159 364 3208 risernditio.
398 3159 431 3209 G.
444 3159 578 3209 Fabricius
595 3161 766 3209 ‘senteutiam
782 3160 875 3209 bonam
891 3163 919 3206 et
936 3156 1089 3210 eruditam'
1109 3167 1194 3224 vocat,
1205 3173 1293 3210 versum

201 3230 289 3272 tamen
301 3223 438 3286 improbat.
474 3226 533 3273 Nou
545 3225 649 3273 videtur
660 3235 745 3272 autem
755 3225 812 3272 lieri
825 3225 983 3289 potuissent
993 3229 1052 3274 tam
1061 3225 1171 3290 elegans
1181 3226 1295 3277 munda

201 3293 255 3334 tam
267 3286 401 3334 commodo
412 3288 470 3335 loco
480 3287 513 3334 ab
524 3288 710 3349 interpolatore
723 3288 870 3337 adderetur.
902 3287 966 3336 'l'otn
976 3302 1011 3337 ex
1020 3290 1127 3340 Donati
1136 3288 1294 3341 silentiouilril

202 3357 294 3400 contra
305 3350 377 3412 nujus
391 3363 480 3397 versus
492 3350 568 3397 iidem
581 3350 733 3412 coniicitur;
759 3354 826 3415 quod
839 3355 882 3403 ille
893 3353 967 3415 plura
977 3353 1039 3402 loce
1051 3356 1243 3420 elegantissima
1252 3367 1294 3402 uon

202 3414 325 3479 attingit3
343 3427 391 3462 aee
405 3413 506 3476 integer
518 3422 643 3477 superest.
684 3416 716 3464 ln
729 3416 784 3466 aliis
797 3418 906 3481 legitur:
926 3414 994 3465 Hrtie
1003 3421 1117 3482 merides,
1128 3422 1169 3484 pai
1178 3421 1237 3470 tend
1251 3433 1294 3467 eoo·

199 3479 443 3544 paiometrooqoilto
460 3479 556 3539 immet.
590 3480 673 3531 erarn
694 3482 831 3530 lectionem
851 3489 957 3531 tuemur
973 3482 1047 3531 Mur.
1066 3491 1097 3533 et
1117 3484 1293 3534 Gambarellut.

206 3545 283 3596 Weit.
315 3543 368 3593 Hic
381 3558 416 3593 vs.
428 3543 502 3593 abest
514 3559 529 3592 a
540 3546 584 3594 Br.
593 3545 623 3595 Z.
643 3545 682 3594 nt.
690 3545 852 3609 offeret-lit
868 3547 932 3595 Mae.
946 3545 1053 3610 quidam
1065 3555 1096 3597 et
1108 3551 1175 3598 editi
1185 3557 1238 3614 post
1247 3548 1293 3596 ΕΡ.

199 3611 268 3659 reite.
301 3609 412 3658 Videtur
427 3616 513 3657 autem
525 3610 608 3658 utilite
627 3621 654 3656 ur
673 3610 951 3673 coinquinationem
969 3612 1135 3674 genuinum
1153 3614 1294 3677 diciturque,

200 3676 240 3723 uti
253 3673 390 3733 vincibilis,
399 3674 576 3735 conducibilis,
586 3674 730 3724 vendibilis.
751 3676 889 3725 Wart-lt
906 3676 936 3723 F.
947 3675 978 3724 F.
988 3675 1065 3724 Enim
1075 3691 1126 3727 non
1136 3681 1212 3728 docet.
1222 3677 1292 3727 Iden.

184 3789 187 3795 ,
202 3738 226 3787 Α
238 3736 328 3788 Guelf.
339 3741 364 3786 8.
376 3737 449 3786 abest
460 3743 637 3787 ceterum—19
652 3739 710 3786 Jum
720 3739 742 3787 ei
752 3754 829 3802 accep.
844 3739 954 3789 Pliomio
965 3739 1058 3789 (iucif.
1069 3745 1161 3792 1.-2t
1181 3744 1214 3793 G.
1225 3743 1250 3790 1².
1260 3755 1292 3802 cp·

198 3803 303 3866 parendi
313 3803 415 3865 nuptiae.
432 3803 513 3851 West.
551 3802 686 3865 Improbat
697 3804 869 3865 Bipont.—28
887 3804 995 3853 Debent.
1012 3804 1082 3856 Mos.
1099 3807 1174 3870 Lipa.
1184 3807 1254 3857 Bodl.
1264 3806 1290 3854 G.

201 3868 296 3916 Boend.
309 3869 371 3917 Wit·
383 3881 441 3916 cnm
451 3867 507 3916 ΕΡ.
518 3865 592 3916 Junt.
604 3868 660 3915 aliis
672 3869 834 3932 quibusdam.
841 3873 966 3929 argentim
976 3868 1078 3919 aatrm
1118 3871 1209 3921 Rivius
1218 3877 1292 3920 netur

201 3937 335 3991 urgentem,
345 3940 476 3995 expuncto
487 3932 565 3980 amici.
598 3933 695 3981 Contra
707 3931 807 3982 faciunt
822 3933 947 3994 Fairnus,
957 3933 1029 3983 Mur.
1040 3933 1075 3983 G.
1090 3942 1123 3984 et
1131 3937 1163 3988 F.
1174 3939 1201 3987 F.
1212 3934 1291 3984 ΠΜ.

203 3993 299 4045 Interea
308 3997 378 4045 omiei
388 3998 448 4060 quod
456 3995 558 4060 polliciti
568 4001 622 4044 suut
633 4003 757 4058 argeutum
766 3997 863 4047 dolum.
888 3998 928 4047 Ex
938 3997 1102 4048 anctoritate
1113 3999 1176 4051 libri
1187 3997 1293 4050 Bembiui

202 4063 230 4107 et
241 4059 394 4124 victoriani,
405 4074 544 4123 versosque
560 4062 662 4110 ratione
679 4061 796 4111 delentes
807 4061 947 4111 dictionem
959 4066 1099 4125 argentum,
1110 4065 1228 4130 legimus,
1240 4063 1293 4127 qaod

145 4182 151 4194 ·
199 4121 300 4186 polliciti
310 4130 375 4189 aaut,
385 4126 480 4176 dobant.
493 4125 537 4175 rr.
565 4125 654 4175 Nostri
669 4127 785 4192 plerique
797 4127 917 4178 nesciunt
927 4126 990 4178 illud
1000 4134 1143 4191 urgentem.
1155 4131 1230 4182 Beni.
1252 4125 1292 4177 lr-
