2692 4688
126 302 212 370 told
494 318 527 365 e.
549 314 732 365 sensuris
757 312 847 365 urus

125 465 195 529 Dn.
218 460 383 546 Equidem
397 459 509 525 hercle
522 457 650 524 nescio.
694 455 904 523 Cunn.Vin'
919 454 1030 521 sciret
1050 432 1150 523 stite
1162 475 1209 521 ne

255 559 526 644 serretJupiter,
1090 574 1095 583 ·

125 666 176 732 Ut
189 665 326 748 propior
340 663 402 740 illi,
425 681 524 745 quam
547 682 612 746 ego
625 683 712 740 sum,
735 681 776 727 ae
796 667 843 739 tu,
866 680 963 726 nemo
978 660 1032 726 'st
1079 661 1150 725 Du.
1169 659 1209 724 Di

256 769 400 829 vostram
416 764 537 828 fidem!
1175 761 1213 824 25

125 864 252 933 Eamus
266 865 454 949 adipsum:
476 883 543 930 una
553 883 669 929 omnes
682 883 746 928 nos
760 868 819 928 aut
833 862 928 939 scire,
940 865 999 926 ant
1012 861 1138 927 nescb'c
1149 860 1211 926 boc

258 969 347 1033 volo.
392 965 612 1033 Cuns.Hal
1190 1015 1194 1022 .

127 1073 196 1137 Ds.
212 1071 305 1150 Quid
319 1073 396 1135 estt
434 1068 554 1134 Geren.
570 1067 655 1134 ltau'
670 1069 808 1152 parvam
823 1066 904 1130 mibi
916 1064 1019 1130 fidem
1033 1084 1115 1130 esse
1128 1064 1212 1150 apud

164 1188 167 1193 ·
256 1173 314 1234 tel
358 1171 426 1234 Du.
450 1167 847 1234 Vin'mebocorederet
1090 1192 1095 1200 ·

127 1269 206 1338 Vin’
222 1272 304 1336 sutis
320 1272 500 1355 quaesitum
514 1273 594 1336 mihi
610 1273 697 1336 istuc
711 1272 813 1335 essct
836 1288 909 1351 age,
934 1268 1015 1334 fiat:
1039 1269 1149 1354 quidl
1165 1267 1215 1333 illa

259 1373 330 1438 filia
1095 1389 1098 1393 ’

131 1473 244 1540 Amici
259 1477 373 1554 nostri,
388 1461 704 1559 quidfuturum‘btl
740 1471 999 1537 Cannaene.
1034 1473 1108 1538 Dn.
1126 1470 1216 1537 Hauc

259 1578 358 1662 igitur
373 1579 556 1642 mittimusl

133 1680 419 1760 GaasQuidnit
464 1680 783 1746 Dnlllamaneatl
828 1677 947 1744 cnse.
962 1679 1033 1744 Sic.
1079 1673 1217 1742 Dabo

261 1785 358 1865 igitur
374 1785 435 1848 tibi
449 1784 540 1860 licet,
557 1783 785 1848 Nausistrata.
1180 1780 1217 1842 30

131 1883 231 1947 Nau.
255 1883 312 1947 Sic
326 1885 384 1966 pol
400 1883 611 1947 commodius
626 1903 702 1948 esse
718 1885 751 1945 in
768 1901 884 1948 omues
900 1883 1052 1960 arbitror,
1067 1902 1168 1966 quam
1181 1888 1214 1944 ut

262 2002 426 2066 ooeperas,
1020 1992 1023 1997 ·
1094 2002 1097 2009 ·

132 2083 271 2150 Manere
286 2085 393 2166 hano;
416 2104 491 2151 nam
506 2087 713 2170 perliberalis
728 2087 802 2151 visa
816 2083 871 2165 'st,
886 2106 961 2169 cum
977 2087 1061 2164 vidi,
1076 2086 1169 2151 mihi.

130 2253 267 2316 ambigunt?
301 2255 351 2304 lla.
372 2254 487 2317 Equidem
498 2269 543 2317 per
560 2253 687 2303 Herculem
700 2269 746 2305 scs
756 2253 862 2314 intelligo
873 2267 924 2317 qua
939 2251 1218 2318 obtumescatis.

133 2319 208 2369 'Visne
223 2317 377 2380 intelligere?
410 2319 449 2366 its
466 2334 502 2367 me
518 2319 618 2381 Jupiter
630 2319 740 2381 sospitem
755 2323 882 2380 macerem,
894 2323 921 2366 at
930 2317 1008 2366 sudus
1027 2318 1066 2366 illi
1080 2314 1178 2381 propior
1188 2320 1220 2363 est

132 2388 253 2444 conotus,
265 2398 333 2445 quam
350 2387 378 2431 ta
388 2390 459 2444 atque
471 2397 514 2444 ego
532 2397 618 2432 sumus.
652 2382 704 2431 Dn.
721 2382 767 2431 Dii
777 2381 980 2446 sestrcmfldeml
995 2396 1039 2430 sos
1049 2395 1129 2431 omues
1139 2395 1185 2428 aas
1193 2381 1221 2428 ad

132 2448 309 2509 ipsameomus:
325 2451 368 2497 out
377 2449 444 2505 scire,
457 2453 499 2496 aut
516 2447 658 2496 aescireltoc
675 2448 734 2496 solo.
768 2447 820 2496 Csr.
840 2445 900 2495 Hc!
926 2448 979 2495 Dr.
997 2447 1065 2502 Quid
1082 2441 1139 2495 est?
1171 2444 1218 2493 (ln.

133 2511 271 2560 ltasemilri
287 2511 464 2576 pmsamfidem
473 2511 561 2562 babes?
596 2512 647 2562 Du.
668 2511 738 2560 Visae
749 2511 839 2560 metibi
849 2511 996 2561 dubitantem
1006 2513 1121 2560 medae?
1156 2508 1221 2558 Visne

132 2575 368 2639 meuldilquicqusm
384 2576 629 2638 ampliusisquireret
661 2581 720 2635 Age,
732 2576 782 2640 fied
801 2582 826 2625 ut
844 2575 888 2623 nis.
925 2577 1011 2626 Verum
1021 2575 1079 2638 quid
1082 2574 1133 2639 siet
1146 2576 1174 2623 de
1183 2573 1221 2621 ills

129 2640 182 2711 pilia
196 2641 267 2690 ambi
283 2644 368 2699 uestri,
383 2656 451 2702 quam
467 2641 594 2702 dutiplsoni
612 2656 708 2689 uxor-em
726 2643 782 2688 dare
801 2641 953 2689 constitutum
964 2639 1030 2687 nolis
1040 2641 1142 2698 fuerat?
1174 2639 1220 2686 Cn.

133 2704 207 2752 Recte
217 2719 254 2752 res
264 2719 289 2752 se
298 2704 399 2753 tradedit.
426 2705 477 2752 Du.
492 2705 562 2752 Hunc
572 2705 650 2765 igitra
661 2705 815 2754 dimittimus?
841 2706 894 2753 Cre.
912 2704 1003 2760 Quidni
1013 2704 1075 2752 base
1085 2699 1222 2752 mittamus?

132 2768 183 2816 Dn.
203 2769 271 2816 Illam
287 2784 342 2816 nero
359 2770 423 2816 domi
436 2768 585 2817 reticeamus.
619 2769 671 2817 Crr.
690 2770 728 2816 ltu
746 2784 835 2817 cauea.
870 2771 924 2818 Du.
942 2769 1030 2816 Redire
1045 2769 1124 2830 igitur
1135 2770 1222 2816 domm

131 2832 195 2892 binc,
211 2833 233 2879 si
248 2832 312 2893 libet,
329 2838 403 2894 potes,
415 2833 576 2883 Nausistrata.
608 2833 661 2881 NA.
679 2831 720 2880 Sic
729 2848 771 2894 per
783 2835 898 2881 Pollucem
909 2834 973 2881 solis
983 2833 1067 2880 utilius
1077 2838 1112 2881 est
1123 2832 1222 2878 omnibus

130 2894 190 2946 dane
199 2896 309 2958 reticere,
319 2912 396 2959 quam,
407 2901 433 2946 ut
443 2912 542 2960 coeperas
552 2897 636 2958 dicere,
647 2899 741 2944 enodem
751 2897 889 2954 remica-u
905 2912 959 2944 sara
969 2896 1079 2959 ingenui,
1089 2900 1113 2945 et
1124 2895 1222 2944 liberalis

130 3122 191 3172 Hel.
203 3122 264 3170 Vel.
282 3119 346 3170 Cod.
365 3127 391 3168 et
408 3121 439 3168 R.
458 3120 526 3183 apud
546 3121 623 3169 Lind.
636 3135 693 3170 eum
714 3122 757 3171 Br.
771 3120 824 3168 dP.
838 3121 946 3183 quidhoc
964 3124 1073 3170 est-25
1094 3121 1167 3170 dana
1187 3129 1221 3172 est

70 3204 74 3211 ²
128 3187 192 3236 wir.
215 3185 353 3233 mnmsmso
363 3190 398 3233 est
410 3185 443 3233 0.
453 3184 578 3247 probante
591 3186 673 3234 Rivis.
709 3185 812 3246 Arrgere
824 3186 1040 3235 asseverationem
1053 3186 1159 3236 videtur
1169 3187 1220 3236 dio·

129 3252 167 3299 tio
179 3250 254 3308 mmo,
265 3263 322 3311 quae
332 3249 357 3296 irs
369 3263 392 3295 o.
403 3245 458 3296 fere
470 3248 486 3295 l.
497 3264 517 3297 s.
527 3256 576 3307 est,
584 3250 661 3298 etiarn
673 3250 795 3310 antiquis,
807 3250 903 3311 praeter
914 3251 987 3300 Bem.
999 3251 1049 3299 boc
1064 3251 1150 3312 modo,
1158 3253 1221 3301 loru

128 3327 196 3363 nemo
212 3316 256 3360 est.
280 3312 325 3359 Fa.
364 3312 576 3360 Tresex'nostris
596 3315 714 3374 ignorant
733 3312 796 3361 illud
815 3313 897 3363 homo:
922 3316 1004 3363 ceteri
1025 3315 1133 3375 babent,
1148 3330 1221 3366 versu

130 3378 208 3428 etism
228 3373 367 3436 gaudente.
385 3375 457 3422 Best.
474 3381 501 3423 et
520 3375 557 3424 sic
576 3376 637 3438 Bip.
657 3376 733 3426 Botlr.
750 3378 796 3427 Br.
815 3377 952 3428 Peri-26
966 3377 1088 3429 Adeamus
1102 3379 1187 3429 Guelf.
1198 3385 1223 3430 ³.

132 3438 354 3492 Absuutautscire
364 3442 406 3486 out
417 3440 504 3488 nescire
515 3440 557 3488 lenc
575 3442 624 3489 solo
642 3455 656 3488 a
673 3440 860 3492 (luetis-27
878 3441 942 3492 lsas’
959 3457 1059 3507 parram
1076 3443 1137 3492 milri
1148 3445 1222 3510 Jidcsr

130 3521 179 3557 esse
190 3505 252 3568 apud
262 3503 297 3568 ts]
322 3503 406 3552 Pisut.
418 3503 515 3553 Pseud.
529 3519 547 3554 r.
558 3510 582 3553 6.
595 3509 636 3555 52.
652 3505 782 3555 ‘Parvum
799 3521 855 3555 esse
868 3507 937 3568 apud
956 3516 983 3556 te
998 3507 1060 3556 mibi
1072 3507 1151 3558 fidem
1169 3510 1222 3573 ipse

129 3568 266 3622 intelliuo!
300 3567 357 3617 Nisi
368 3566 436 3617 forte
447 3568 594 3632 legendum,
607 3570 696 3618 Parum
705 3571 788 3635 fldem.
821 3572 957 3622 Quomodo
972 3572 1035 3621 Mus.
1047 3573 1140 3622 Ieidd.
1151 3576 1222 3639 quin-

132 3651 193 3701 que,
208 3634 241 3684 G.
254 3634 391 3696 nipe-cum
409 3632 463 3682 ΕΡ.
482 3634 623 3696 paucisque
645 3635 710 3683 aliis.
745 3635 774 3683 ln
787 3635 834 3684 reli
854 3636 893 3683 uis
905 3634 968 3698 fere,
988 3636 1101 3686 Passum.
1134 3639 1224 3690 Sedet

130 3716 180 3751 esse
191 3699 266 3748 abest
277 3712 292 3746 a
304 3697 417 3762 plurimis
427 3695 507 3747 libris.
524 3697 592 3762 quod
614 3698 702 3749 laudet
712 3700 807 3748 Rivius.
836 3650 907 3748 bide
921 3701 986 3750 Eun.
998 3714 1018 3751 r.
1029 3705 1054 3752 2.
1069 3706 1125 3752 11⁷.
1150 3704 1225 3754 West.

130 3767 139 3793 ‘
152 3767 201 3816 Ms.
214 3764 245 3814 R.
254 3762 319 3813 itane
327 3760 428 3824 parum!
444 3762 518 3811 Lind.
529 3770 556 3811 et
567 3763 605 3811 sic
616 3763 674 3826 Bip.
688 3765 731 3812 Br.
769 3764 815 3813 Vis
825 3777 860 3811 me
870 3766 975 3828 aedae]
990 3764 1042 3814 Hic
1054 3780 1159 3832 quoqne
1170 3782 1222 3818 onr-

130 3843 177 3880 nes
187 3828 249 3879 libri
260 3827 360 3890 scripti,
369 3833 465 3890 prater
474 3827 547 3876 Bem.
560 3827 664 3889 habent,
674 3829 716 3877 sin
727 3843 762 3877 me
770 3829 812 3877 mc
824 3830 924 3879 credere.
949 3830 1011 3879 Bas.
1020 3829 1065 3879 sis.
1083 3832 1128 3880 Fa.
1162 3833 1225 3882 Om·,

130 3906 177 3942 nes
193 3892 276 3943 nostri
293 3892 352 3949 doc3
376 3889 446 3955 quod
464 3890 523 3941 ideo
542 3891 624 3940 asinus
642 3893 738 3954 placet,
750 3891 816 3954 qrrod
834 3895 1041 3954 reueratorlstuc.
1058 3894 1137 3946 Bent.
1168 3896 1221 3944 Hoc

132 3957 255 4006 omittunt
263 3956 344 4005 Zeun.
353 3954 431 4004 Both.
444 3954 515 4006 Peri.
525 3963 554 4005 et
564 3956 615 4005 Ms.
626 3956 658 4006 R.
668 3957 735 4021 apud
748 3957 821 4006 Lind.
853 3956 899 4006 Vis
909 3959 969 4008 mili
977 3959 1123 4010 noenu-as
1137 3959 1221 4008 ‘Mal-

131 4021 192 4083 lem,
201 4020 224 4069 si
233 4020 372 4084 perCodd.
383 4019 483 4082 liceret,
494 4021 547 4070 cu.
557 4035 611 4082 age,
620 4021 678 4086 flat.
704 4023 757 4072 Dr.
770 4020 852 4083 quidt'
869 4021 940 4072 Perl.
981 4024 1085 4088 ‘'stae
1099 4024 1223 4074 dsillsv.

132 4083 171 4136 C.'
195 4084 333 4134 dina.-so
350 4084 450 4135 Abeunt
469 4086 553 4134 omnis
570 4093 630 4148 post
646 4087 680 4134 sic
700 4087 725 4134 in
745 4084 833 4135 Guelf.
845 4089 932 4136 l.-·³l
950 4087 1000 4138 Me.
1012 4089 1076 4138 Per.
1091 4090 1164 4138 sisere
1175 4103 1223 4152 pro

130 4162 242 4214 emaus,
257 4147 376 4199 illorsum
386 4148 463 4214 sepit.
486 4149 618 4200 Part-w
634 4148 751 4200 Liderdis
765 4148 839 4202 Peri.
852 4150 1004 4203 usim-su
1020 4153 1125 4217 Aperuit
1136 4153 1224 4204 EF.-
