2678 4694
183 277 249 343 514
559 287 591 332 r.
614 281 799 333 runnuru
825 282 912 332 srnr

188 437 257 501 ΡΥ.
281 430 354 516 Ego
370 431 428 516 pol
442 437 476 496 te
491 449 551 514 pro
565 426 641 495 istis
652 427 752 496 dictis
764 433 796 493 et
810 427 921 504 factis,
936 425 1059 504 soclus,
1151 429 1154 438 '

183 536 352 613 Ulciscor,
364 538 402 597 ut
416 553 459 597 nc
471 533 609 618 impune
624 533 660 597 in
673 551 737 597 nos
752 531 910 597 illuseris.
1246 530 1285 595 20

184 716 237 765 Pr.
255 715 318 776 ago,
326 728 370 777 per
382 713 511 774 Pollucem,
525 728 568 777 pro
578 712 632 763 istis
652 710 724 762 dictis
733 711 842 772 ascetis
852 718 885 777 te,
895 715 1017 777 scelerose,
1029 711 1128 761 wisent
1143 715 1167 759 et
1181 709 1288 773 pannos,

182 785 211 828 st
220 795 267 829 non
277 777 446 844 impuneseras
455 780 517 842 qaod
527 793 569 829 sos
580 776 808 843 ladijloutsssneris.

647 920 827 942 W

184 1030 218 1081 ad
229 1028 310 1078 solum
319 1028 454 1080 Chaeream
466 1028 605 1080 referatur.
625 1028 701 1079 West.
734 1030 810 1077 Nosse
818 1025 897 1076 omnia
907 1026 957 1075 lroee
965 1024 1030 1074 salas
1043 1029 1078 1074 est
1093 1024 1288 1088 scnemata]

183 1095 305 1146 Sentitue
315 1095 384 1144 auris
394 1100 440 1143 tua
452 1094 579 1158 ingratum
590 1093 653 1143 illud
672 1091 801 1142 sulasestl
830 1091 859 1140 Si
876 1090 969 1152 minus,
988 1096 1017 1139 at
1034 1095 1108 1138 certe
1124 1089 1173 1137 hoc
1192 1103 1285 1139 conce·

183 1160 239 1221 des,
251 1159 294 1206 rix
306 1159 372 1208 bene
385 1159 478 1208 Latine
491 1158 528 1206 sic
540 1158 601 1208 dici.
635 1160 752 1222 Repnuo,
769 1157 847 1206 Nosse
860 1157 939 1204 onata
954 1155 1004 1203 lec
1020 1153 1092 1202 solui
1103 1158 1138 1202 est
1149 1153 1285 1203 Mounes-

183 1223 348 1274 susurrent.
380 1222 458 1273 Saluti
476 1237 538 1286 ergo
558 1222 604 1272 dat
621 1222 767 1271 Boon-ro
784 1222 830 1269 Pol
856 1234 900 1283 pro
915 1220 1023 1295 iatis'te
1040 1217 1113 1292 dictis
1140 1217 1193 1292 Ma.
1216 1218 1286 1295 Liqs.

187 1289 332 1340 west-no
348 1287 442 1336 Mallet
454 1288 521 1352 Gny.
533 1288 558 1335 in
568 1287 678 1337 Schollis
690 1287 754 1337 Mes.
768 1286 893 1335 Ulciscor:
904 1290 931 1333 at
939 1299 968 1332 ue
977 1297 1070 1346 ampune
1081 1297 1108 1331 ur
1116 1295 1159 1356 nor
1169 1282 1288 1358 utusque

183 1354 225 1403 lu.
260 1351 570 1414 Imponstnnostttcsats]
587 1351 683 1400 Melius
695 1366 728 1400 ex
739 1350 830 1412 Regiis
848 1363 923 1411 uuus,
943 1355 971 1397 et
992 1362 1024 1395 ex
1044 1344 1194 1394 Meadranrs
1212 1348 1287 1405 alter,

183 1419 279 1480 impune
289 1431 331 1465 sos
340 1416 450 1465 illuseris.
467 1417 546 1466 Beut.
582 1415 701 1478 lllaaeris]
717 1415 781 1465 GM.
792 1413 921 1464 lricfiuem
932 1412 1012 1461 habet
1022 1411 1122 1460 Sceure.
1137 1410 1205 1459 Perl.
1235 1412 1286 1473 Ego

180 1479 364 1546 pol...illuseris]
382 1481 459 1545 Pytlr.
472 1479 687 1545 regressaforsau
709 1493 733 1529 r.
753 1484 778 1529 8.
795 1478 943 1529 substltisse
963 1476 1076 1536 videtur,
1095 1482 1123 1523 et
1142 1489 1231 1523 securo
1252 1476 1288 1524 lo-

182 1545 274 1611 quenti
286 1546 373 1594 Parm·
391 1559 466 1595 aurea
485 1544 610 1622 praebuit:
629 1544 773 1608 auditisque
784 1543 841 1592 ltaec
852 1542 884 1591 ad
897 1547 1061 1606 spectatores
1072 1539 1151 1587 dicit:
1169 1538 1231 1586 dein
1243 1553 1286 1587 ex·

183 1612 297 1660 clamans
316 1609 349 1658 de
368 1608 510 1660 infortunio
525 1610 640 1660 chorreus
660 1610 768 1673 propius
783 1606 893 1657 accedit.
928 1606 1005 1655 Unde
1025 1606 1104 1653 Beut.
1122 1616 1228 1652 scenam
1248 1618 1285 1652 se·

201 1673 272 1725 ueuti
283 1674 426 1787 coujunqlt.
458 1673 511 1723 Sed
524 1682 609 1723 tamen
621 1688 715 1723 uorum
727 1679 838 1720 metrum
850 1671 942 1735 incipit
953 1686 969 1719 a
977 1671 1091 1720 clamore
1102 1666 1216 1732 Pytlriae.
1231 1668 1284 1731 Btp.

162 1757 164 1762 ·
214 1753 253 1789 rec
264 1738 381 1802 sequenti
403 1752 432 1788 us
443 1737 606 1802 conjungunt
618 1744 645 1787 et
656 1738 687 1787 Z.
699 1737 778 1787 Both.
791 1736 863 1785 Perl.

580 1980 883 1994 n———u—

579 1996 884 2015 ἡ

487 2186 643 2256 ACTUS
667 2185 713 2253 V.
759 2185 913 2252 SCENA
939 2188 985 2253 V.

529 2372 708 2421 PYTHlAS.
752 2372 947 2420 PARMENO.

184 2489 254 2553 ΡΥ.
276 2488 386 2555 Peon
402 2488 500 2553 fidem
516 2489 646 2556 Deum!
669 2491 803 2557 facinus
816 2490 962 2555 foeduml
985 2510 1006 2553 o
1021 2488 1193 2556 infelicem
1204 2491 1282 2556 adu-

314 2591 537 2655 lescentulum
550 2591 558 2654 l

185 2690 216 2754 0
242 2691 423 2756 scelestum
450 2691 702 2769 Parmenonem,
726 2693 785 2776 qui
799 2691 901 2756 istum
920 2691 989 2756 huc
1011 2692 1171 2759 adduxit!
1217 2694 1281 2759 ΡΑ.

376 2794 386 2856 i
466 2798 479 2856 t

185 2895 253 2959 ΡΥ.
277 2791 507 2960 Μὲἒτέῐῗιῖθῖ
531 2896 659 2977 itaquo,
682 2900 721 2959 ut
742 2912 784 2958 ne
797 2893 952 2973 viderem,
966 2893 1091 2959 misera
1104 2895 1171 2959 huc
1185 2895 1284 2981 effugi

312 2997 414 3061 foras.

214 3156 269 3206 ΡΥ.
286 3157 352 3204 Prolr
362 3156 442 3206 Deam
452 3154 551 3220 fluctu!
559 3153 659 3216 sanans
676 3159 744 3217 turpe
759 3159 784 3203 et
799 3154 912 3214 nudem
930 3156 953 3204 0
970 3154 1142 3216 infortunatum
1154 3158 1286 3208 acaunen-

182 3219 276 3270 tulum!
295 3223 318 3270 0
338 3223 475 3270 scelerosum
495 3221 676 3282 Parmenonem,
697 3218 875 3282 quieseunt„
892 3220 952 3269 lonc
972 3221 1065 3270 mutam
1081 3221 1201 3272 uddtmlt!
1234 3224 1288 3277 Pa..

184 3285 250 3341 Quia
260 3289 313 3335 erit
345 3286 397 3334 ΡΥ.
413 3284 481 3335 Adeo
496 3284 659 3337 miscrimruio
675 3288 789 3332 commoto
806 3299 866 3346 sam,
884 3291 921 3346 ut,
937 3300 967 3334 ne
987 3289 1038 3334 tom
1055 3291 1127 3335 atrox
1144 3291 1286 3337 tormentum

182 3364 310 3414 emnem,
328 3350 415 3399 misem
433 3350 477 3401 huc
488 3348 560 3410 soror
575 3363 612 3399 sne
628 3347 788 3399 subduxerim.
822 3349 883 3405 Qtsoe
897 3348 997 3410 intortae
1012 3355 1036 3400 et
1045 3364 1109 3399 aoeoo
1120 3352 1286 3416 mpplloionun

641 3489 811 3512 mm

220 3594 233 3639 1
246 3589 298 3639 Pro
297 3588 374 3654 fidem
386 3590 473 3639 Deum.
485 3589 562 3639 Solus
573 3592 648 3641 Beru.
659 3590 738 3642 habet
749 3592 816 3643 hauc
824 3592 1023 3643 collocationem
1032 3592 1168 3643 verborum
1178 3609 1185 3642 ε
1197 3609 1286 3658 qnam-

184 3655 340 3713 eleusinus,
359 3654 451 3702 eadem
467 3652 524 3703 fere
536 3669 623 3717 mauu,
639 3670 729 3705 eorum
739 3657 853 3706 inversio
865 3657 900 3706 sit
908 3665 999 3708 notata
1011 3659 1045 3707 ab
1056 3657 1188 3707 indicante
1198 3659 1285 3722 legen-

184 3719 246 3768 dnm
255 3719 308 3766 Pro
317 3718 485 3783 Deumfidem,
496 3727 524 3768 ut
535 3719 634 3769 habeut
644 3735 732 3771 omues
744 3722 788 3770 alii
799 3721 859 3771 libri
872 3729 900 3771 et
909 3723 1036 3774 Donatus.
1056 3722 1088 3770 Iu
1099 3723 1285 3787 antiquissimis

184 3782 257 3831 libris
269 3783 326 3832 lraec
339 3783 514 3846 superioribus
527 3783 576 3846 Jnn
597 3791 674 3835 nutur
685 3786 711 3834 iu
724 3801 800 3836 unam
810 3786 972 3850 eandemque
984 3801 1098 3837 scenam.
1116 3787 1160 3836 Fa
1178 3788 1286 3838 Servius

184 3847 217 3895 ad
227 3847 285 3921 AEu.
305 3861 335 3896 rr.
346 3853 403 3897 6⁰2.
422 3848 460 3896 sic
476 3849 559 3898 citat:
576 3798 628 3898 ΡΜ
639 3850 719 3900 Deam
726 3856 798 3914 atque
808 3851 1012 3916 lominumjidem.
1045 3852 1165 3901 Fortasse
1178 3866 1210 3900 an
1221 3867 1287 3904 vere

184 3912 263 3959 lectio
271 3918 321 3972 est,
336 3913 388 3960 Pro
397 3914 477 3962 Denrn
484 3918 556 3977 utque
570 3912 698 3978 minam,
708 3914 807 3974 fucinus
818 3915 920 3974 sardum.
937 3917 1018 3967 Beut.
1046 3916 1079 3965 P.
1095 3917 1131 3965 D.
1142 3915 1222 3982 fidem
1240 3917 1288 3967 ΒΥ.

185 3975 340 4037 Eug.Bent.
354 3976 414 4040 Bip.
430 3979 508 4026 Both.
524 3977 680 4029 Peri—M
697 3976 983 4044 Itaqneutneoilierem]
1012 3981 1097 4030 Recte
1116 3980 1239 4030 Periauu.
1253 3981 1287 4033 ad

182 4039 284 4088 Sanctii
295 4039 405 4090 Mineru.
416 4055 453 4092 rv.
467 4046 507 4092 11.
519 4046 610 4105 μω.
626 4044 761 4108 conjungit
773 4045 867 4105 omnia,
875 4051 903 4093 et
919 4044 975 4095 sine
987 4045 1192 4108 interrogatione
1204 4046 1286 4096 rerba

185 4105 193 4133 ‘
205 4104 271 4156 Qua
288 4102 377 4154 futura
386 4119 428 4156 ex.
440 4106 467 4158 d.
478 4107 568 4158 dicunt
578 4107 605 4158 iu
616 4123 674 4159 eum
685 4107 804 4173 iudigna'
822 4106 907 4160 refert
916 4108 949 4160 ad
965 4112 973 4138 ‘
986 4108 1124 4174 riderem3’
1142 4117 1170 4161 et
1180 4110 1219 4160 sic
1231 4110 1287 4179 edi·
