2678 4694
195 321 261 385 964
569 333 601 383 r.
624 333 806 382 ronanun
831 332 917 382 nem
994 304 1011 367 Ἀ

197 482 409 549 Praeterierat
420 482 492 564 jam
507 482 550 546 ad
566 482 752 547 ducendum
768 489 862 546 setas.
908 482 975 545 Da.
992 475 1118 544 Omnia
1134 480 1212 546 haec

198 587 299 653 Illum
315 591 443 667 putato,
458 604 533 668 quae
548 605 611 667 ego
625 604 711 648 nuno
725 585 813 659 dico,
831 583 965 662 dicere;

197 689 268 753 Aut
283 686 416 769 quidem
430 705 505 748 enm
520 705 625 751 uxore
639 688 702 749 hae
716 686 825 768 ipsum
841 684 1022 767 prohibebo
1037 684 1156 748 domo.

197 790 266 855 Gn.
288 788 399 853 Iratus
415 794 476 852 est
520 788 640 852 Prion.
662 786 749 852 Tute
762 786 850 851 idem
865 788 984 851 melius
998 785 1135 850 seceris.

198 892 269 957 Da.
291 890 388 954 Itane
402 911 440 954 es
455 897 593 973 paratus
607 890 717 955 facere
732 909 785 952 me
799 888 978 953 advorsum
995 888 1124 965 omnia,
1252 886 1290 950 80

198 992 344 1058 Infelixi
390 992 511 1056 Pnon.
535 991 658 1056 Metuit
671 992 725 1057 hio
736 1011 809 1068 nos,
823 990 956 1056 tametsi
971 989 1093 1054 sedulo
1106 1032 1109 1037 -

199 1093 409 1160 Dissimulat.
443 1091 513 1159 Gn.
529 1093 623 1156 Bene
638 1093 760 1158 habeut
775 1093 835 1157 tibi
851 1093 1026 1176 principia.
1052 1092 1182 1156 Prion.
1198 1090 1288 1169 Quin,

328 1194 418 1278 quod
435 1200 486 1257 est

200 1295 399 1373 Ferendum,
414 1297 519 1360 feras:
545 1297 612 1360 tuis
629 1296 761 1379 dignum
776 1295 878 1359 iactis
893 1296 1028 1373 feceris,

199 1399 248 1465 Ut
263 1399 362 1463 amici
376 1399 462 1463 inter
476 1418 539 1463 nos
555 1399 669 1462 simus.
714 1398 783 1461 De.
799 1397 903 1480 Egon'
919 1405 1012 1461 tuam
1027 1405 1197 1481 expetam

199 1502 415 1566 Amicitiam'l
438 1508 500 1565 ant
513 1506 544 1564 te
559 1501 678 1578 visum,
694 1505 751 1564 ant
765 1498 917 1563 auditum
931 1499 1036 1563 velim
1051 1501 1067 1562 ‘l
1254 1498 1289 1564 85

192 1713 1290 1847 ibliihffiihhiiiii'uiihfflissirffliiffiii'hihffl

201 1847 244 1894 Ira
254 1852 380 1895 comuntur
391 1846 440 1893 heo
453 1847 520 1894 neti.
554 1847 608 1894 Pu.
627 1849 663 1895 To
679 1849 729 1909 ipse
744 1848 841 1894 meliora
855 1845 934 1906 socies
948 1861 1020 1908 qnam
1036 1861 1090 1908 qtroe
1105 1848 1218 1896 minaris.
1247 1845 1288 1891 De.

200 1909 318 1961 Iluueex
336 1910 456 1972 industria
473 1914 498 1957 te
516 1910 665 1970 conparasti,
682 1916 711 1957 nt
727 1911 786 1958 mihi
801 1910 921 1958 molestiae
935 1924 1014 1959 omnes
1032 1910 1171 1967 exhiberes,
1188 1907 1290 1972 improbi

138 1992 141 2002 ·
200 1972 257 2025 Pu.
275 1973 325 2022 Hie
344 1973 456 2035 Dernipho
474 1973 541 2022 timei
561 1987 610 2029 nos,
621 1973 811 2034 licetolindproe
827 1972 934 2031 seserrrt.
967 1972 1019 2022 Gn.
1039 1975 1104 2022 Hoec
1115 1976 1189 2024 initio
1199 1972 1288 2034 solicitet

200 2039 326 2087 sncoednnt
344 2037 396 2087 tibi.
431 2037 486 2087 Pu.
506 2038 570 2094 Quin
585 2036 665 2101 potios
682 2037 747 2086 blod
764 2052 829 2098 equo
848 2037 926 2085 nomio
938 2036 1018 2097 ferus,
1036 2041 1099 2101 qood
1117 2039 1242 2088 messario
1254 2033 1289 2083 rili

197 2100 324 2162 serendum
335 2107 384 2151 est:
401 2104 496 2152 aierem
511 2103 638 2166 prudrmio
649 2108 690 2150 lau
707 2101 805 2162 diguam
818 2099 915 2163 seceris,
932 2107 958 2149 ul
969 2101 998 2150 nb
1009 2102 1055 2152 hoo
1065 2102 1109 2152 lite
1120 2104 1193 2153 omisi
1202 2102 1289 2152 omens-

202 2182 262 2217 mur.
294 2167 344 2218 Da.
362 2167 445 2229 Egone
465 2173 529 2217 mom
546 2167 674 2216 mairam
692 2164 809 2230 affectem,
827 2171 869 2214 ont
887 2170 911 2213 te
925 2165 1040 2230 aspicere,
1058 2173 1102 2216 uni
1113 2167 1290 2229 annuerim?

203 2475 287 2524 clerus
299 2473 324 2522 in
337 2474 387 2522 Ms.
405 2488 456 2522 uuo
469 2474 540 2537 legit.
562 2474 639 2524 West.
673 2473 717 2522 Ita
727 2482 753 2524 et
765 2475 908 2523 notu-78
925 2475 1007 2538 Ipsum
1017 2477 1132 2538 prohibeo
1144 2479 1215 2526 nomo.
1245 2475 1288 2524 Nu·

202 2539 326 2587 merosius
338 2545 388 2596 est,
399 2539 466 2602 quorl
479 2539 504 2586 in
517 2539 615 2588 duobus
626 2538 810 2601 antiquissimis
829 2539 910 2598 libris,
923 2549 951 2587 et
969 2542 1031 2589 Bes.
1042 2543 1155 2604 legitur,
1171 2539 1290 2604 prohibebo:

201 2604 252 2652 hoe
264 2609 291 2652 et
303 2602 433 2652 Ubaldino
443 2602 596 2652 Bandinello
608 2602 729 2666 placebat
739 2620 746 2663 ;
763 2602 801 2650 ita
812 2602 977 2652 emendatum
987 2610 1027 2654 est
1037 2612 1065 2654 et
1075 2606 1103 2654 iu
1113 2609 1157 2658 Vi.
1169 2608 1213 2655 Fu.
1229 2606 1289 2654 Con·

203 2668 292 2730 plnres
311 2668 404 2725 nostri,
421 2667 553 2730 prohibebo.
581 2669 722 2717 Reno-79
749 2667 1016 2717 Tnutorrdem...il1elius
1027 2670 1142 2728 feceris!
1165 2670 1290 2719 Both-8⁰

204 2733 318 2781 Paratus.
352 2732 495 2781 Palmerius
507 2746 521 2780 e
534 2731 599 2780 Mes.
618 2735 700 2795 pactus
711 2738 807 2780 tuetur.
829 2729 970 2780 West.—-8l
988 2734 1065 2782 Bodl.
1078 2742 1109 2783 et
1121 2736 1156 2785 G.
1172 2732 1290 2784 Metuithic

204 2811 248 2844 me.
281 2796 478 2844 Bnlumerretsi.
513 2793 730 2858 ‘Palmerinspro
745 2794 843 2855 Infelix,
857 2796 930 2844 Jolix
947 2796 1158 2848 Plautinavox.’
1176 2799 1289 2848 Peri-Si

204 2860 278 2921 Quia,
295 2862 355 2922 qnod
365 2863 398 2907 est
411 2859 551 2914 Ferendum,
562 2859 640 2918 snos.
666 2860 764 2908 Sustuli
775 2860 949 2922 interrogandi
962 2868 1068 2910 uotam:
1089 2879 1178 2928 neque
1190 2866 1251 2912 enirn
1260 2863 1289 2908 in-

203 2923 346 2986 terrogatio
358 2930 408 2984 est,
420 2923 467 2972 nisi
480 2924 561 2987 legas,
574 2924 648 2986 Quin,
663 2925 724 2986 qnod
733 2929 769 2973 est
781 2925 921 2979 Ferendum,
931 2925 1002 2984 fers?
1019 2926 1101 2976 Quod
1114 2938 1156 2978 est
1167 2929 1193 2976 in
1205 2927 1289 2991 quibus·

202 2989 263 3038 ‹lam
274 2989 357 3037 Codd.
392 2988 477 3037 Aliter
492 2996 578 3036 tamen
595 2989 722 3037 Donatus.
756 2989 1089 3040 Horet.Carm.r.ii.19.
1108 2987 1290 3048 ‘Durum3serl

159 3057 163 3062 ’
202 3053 283 3102 levius
294 3051 324 3100 lit
334 3052 470 3115 patientia,
481 3051 613 3116 Quidquid
623 3053 755 3113 corrigere
766 3060 806 3101 est
818 3051 904 3102 nefas!
935 3054 1004 3102 Vide
1016 3053 1090 3104 And.
1104 3071 1131 3104 v.
1140 3063 1164 3108 4,
1177 3062 1212 3106 18.
1228 3055 1290 3101 ll'ett.

207 3117 271 3171 Quin
282 3119 342 3178 qnod
353 3124 388 3166 est
394 3116 532 3178 ferundum,
537 3116 620 3176 ferus:
631 3116 759 3175 tuisfoetis
769 3116 970 3178 dignumsroeris.
987 3118 1135 3170 Bembinus
1145 3123 1217 3171 babet
1222 3119 1290 3179 sons:

204 3180 347 3229 Ubaldiuus
359 3180 528 3230 Bandinellus
541 3181 641 3242 legebat
648 3180 692 3236 ser
699 3198 709 3239 ;
726 3196 771 3230 nos
774 3181 842 3241 fers:
858 3188 886 3231 ut
896 3182 939 3242 sit,
948 3181 1010 3245 quin
1023 3182 1076 3232 fers
1087 3187 1160 3249 quod
1172 3195 1210 3237 est
1218 3184 1289 3233 ferun·
1333 3208 1335 3269 p

200 3243 281 3289 ¹elirru?
305 3258 364 3292 narn
384 3252 411 3293 et
427 3247 547 3293 Donatus
559 3245 614 3293 haec
627 3260 674 3306 per
685 3259 800 3306 praesens
819 3254 919 3308 tempus
931 3249 1054 3309 exponit,
1066 3250 1106 3298 sic
1119 3250 1216 3309 diceus,
1231 3248 1290 3294 ‘Cur

204 3319 266 3366 nou,
274 3307 367 3370 inquit,
380 3307 556 3356 accommodas
567 3309 718 3357 necessitati
730 3309 913 3360 voluntatem?
926 3310 982 3359 brec
992 3312 1046 3361 ille.
1069 3313 1117 3362 Ita
1127 3315 1290 3378 proceditrer«

204 3385 256 3432 sus,
266 3369 340 3418 aliter
351 3371 505 3433 impeditus:
523 3387 581 3434 quse
593 3382 818 3436 subsequuntur,
829 3382 856 3424 el
864 3374 907 3423 ille
918 3374 974 3437 ipse
986 3378 1184 3441 antiquissimus
1195 3379 1290 3433 libeuet

205 3435 357 3493 Vaticanus,
368 3443 396 3484 et
407 3437 579 3496 Basilicanns‚
591 3445 617 3487 et
629 3436 706 3501 aliqui
718 3439 771 3501 alii,
783 3441 821 3488 ita
832 3439 971 3500 collocant,
983 3440 1034 3489 tuis
1044 3443 1226 3505 digamisfoctis
1236 3442 1290 3500 serr·

129 3509 131 3512 ⁴
203 3501 246 3550 ris.
264 3501 308 3549 Fa.
342 3500 499 3559 Rectesers:
515 3503 597 3550 nostri
607 3503 705 3563 dignum
713 3504 806 3563 foetis:
824 3503 868 3552 sed
879 3518 1014 3568 perperam
1025 3505 1111 3566 seros.
1129 3509 1206 3558 Beut.
1237 3507 1290 3555 Erre

164 3638 170 3650 ,
203 3567 873 3695 irruiturumtrutinhusen.
890 3567 1289 3702 restituturus

205 3696 284 3743 etiam
297 3703 381 3755 notat,
396 3697 404 3722 ⁴
416 3697 497 3745 lraeret
509 3711 596 3744 uersus
608 3696 633 3743 in
645 3696 694 3744 tois
701 3711 710 3752 ,·
727 3696 787 3746 hino
799 3697 931 3746 mallemus
943 3697 980 3746 his
988 3697 1077 3760 foma,
1089 3704 1159 3765 quod
1172 3705 1192 3751 si
1203 3699 1288 3756 feceris,

203 3760 403 3822 dignumseceria
419 3763 473 3809 sive
485 3760 576 3822 dignus
589 3760 648 3821 eris,
662 3759 709 3821 ut,’
726 3761 840 3811 &oe-84
857 3760 899 3810 Al.
913 3761 1003 3822 Egone.
1038 3765 1062 3813 A
1073 3766 1166 3816 Guelf.
1177 3773 1202 3816 2.
1214 3766 1287 3814 absunt

205 3824 268 3874 inter
278 3830 391 3875 noa-85
409 3825 489 3888 Atque
499 3825 603 3872 auditum
620 3825 698 3874 Both.
739 3827 747 3852 ‘
758 3826 822 3875 GM.
833 3840 890 3888 sup.
899 3840 948 3875 scr.
959 3827 1051 3890 mame,
1062 3831 1158 3892 andire,
1171 3830 1287 3894 imperite:

207 3902 262 3938 uam
277 3892 443 3954 glossatorem
455 3888 523 3952 fugit
534 3890 627 3938 Latine
639 3888 771 3940 (lichene
787 3892 814 3940 iu
834 3895 909 3938 textu
920 3890 1061 3957 utrobique
1071 3897 1149 3945 velim
1160 3911 1215 3947 rum
1224 3890 1287 3958 parti·

697 4044 807 4095 NOTAE

386 4179 415 4224 u
431 4175 577 4244 *urrunnu
588 4144 642 4239 iu]
657 4167 819 4228 sacristae
830 4176 953 4235 eumn
964 4175 1131 4232 astarten.
