2678 4694
412 331 648 378 ruossmrours
671 330 754 379 sor.
772 331 811 379 u.
835 332 888 380 so.
904 324 956 380 rv‘.
1164 318 1228 384 967

134 473 179 537 Et
192 474 227 537 id
243 473 451 556 impetrabis:
471 475 555 538 dixi.
599 476 668 539 Du.
694 475 760 541 Dic
773 495 871 555 nunc,
882 463 1011 558 Hegio.

132 575 208 639 Ha.
231 575 303 656 Ego
318 575 435 640 sedulo
450 576 540 640 bunc
554 577 682 642 dixisse
696 579 813 642 credo:
839 598 952 642 rerum
968 580 1017 643 ita
1031 586 1096 657 est,
1180 564 1183 570 ’

133 675 229 754 Quot
242 677 404 754 hominm,
421 684 471 742 tot
487 681 684 760 sententiee3
706 700 788 743 suus
805 681 922 762 cuique
937 701 1018 746 mos,

132 778 223 841 Mihi
237 799 303 842 non
318 780 456 871 videtur,
472 781 562 863 quod
579 783 623 845 sit
637 783 760 846 lactum
776 782 913 862 legibue,
1184 784 1226 849 lo

133 881 297 944 Rescindi
312 901 432 964 posse;
455 889 488 945 et
504 891 599 965 turpe
616 885 753 966 inceptu
765 891 826 947 est.
871 884 940 946 Dr.
963 883 1040 960 Dic,
1057 882 1161 948 Crito.

130 980 216 1046 Gur.
238 980 311 1066 Ego
329 985 473 1068 amplius
489 985 736 1051 deliberandum
753 1005 891 1050 censeo:
1236 1067 1240 1080 ι

133 1084 207 1148 Res
233 1106 353 1166 magua
379 1093 442 1150 est.
488 1087 561 1150 ΗΕ.
585 1087 757 1170 Numquid
780 1107 844 1151 nos
868 1087 940 1150 visl
986 1087 1058 1150 Dr..
1080 1086 1228 1153 Fecisti!

262 1190 385 1269 probe:

133 1290 387 1360 Incertiorsum
402 1290 517 1367 multo,
533 1290 782 1372 quamdudum.
827 1289 896 1353 Gu.
913 1289 1047 1372 Negant

131 1390 288 1455 Redisse.
331 1391 404 1455 Du.
421 1391 538 1454 Frater
552 1401 604 1454 est
619 1391 850 1475 expectandus
865 1391 966 1454 mibi:
1183 1394 1227 1458 20
1280 1465 1284 1476 x

131 1488 169 1556 Is
184 1492 272 1575 quod
287 1491 368 1559 mibi
382 1486 510 1558 dederit
525 1493 566 1558 de
582 1493 645 1558 bac
660 1514 694 1556 re
710 1494 898 1570 consilium,
914 1491 948 1555 id
965 1511 1096 1575 sequar.

130 1667 223 1732 dedere,
233 1672 290 1721 etid
300 1687 315 1720 o
325 1673 466 1734 magistratu
474 1671 595 1722 obtinebis.
612 1672 682 1721 Dixi.
704 1671 756 1719 Du
775 1669 999 1731 Diorurcfleglo.
1035 1665 1087 1718 Ha.
1104 1670 1227 1732 Egocre·

129 1733 209 1783 titium
219 1749 250 1784 ex
259 1737 333 1791 animi
344 1738 458 1786 sententio
465 1731 554 1786 dixisse
560 1741 632 1800 puto:
649 1751 730 1784 oerum
740 1736 776 1794 ito
785 1739 829 1795 est,
840 1736 901 1798 quod
910 1735 978 1795 uulgo
989 1733 1067 1794 olunt,
1077 1735 1142 1790 Quot
1152 1734 1224 1783 bomi-

128 1801 369 1858 muretensem.
402 1800 452 1850 diuo
468 1803 549 1864 cuique
559 1801 636 1868 opinio
646 1802 827 1862 singularitem.
862 1799 996 1860 Egonono
1012 1798 1128 1862 iuorquae
1138 1799 1229 1867 legibus

129 1859 224 1912 decreto
241 1871 305 1924 suut,
326 1865 378 1914 tolli
392 1879 468 1929 posse,
483 1881 525 1914 uec
541 1867 661 1915 liopertum
677 1881 726 1914 esse
742 1866 768 1913 id
784 1869 884 1913 tentore.
918 1864 971 1913 Dr.
1015 1863 1046 1924 ic,
1058 1865 1133 1913 Crito.
1168 1863 1229 1914 Cur.

129 1925 200 1975 Mlti
210 1929 302 1978 ridetur
312 1931 341 1978 de
358 1945 384 1977 eo
397 1945 424 1979 re
438 1931 528 1979 diutius
543 1932 718 1979 consultandum
736 1945 793 1978 esse.
830 1928 876 1978 Res
888 1940 973 1989 magra
985 1933 1026 1976 est.
1060 1928 1182 1992 Numquid
1192 1932 1230 1979 est

129 1991 205 2050 uliud,
214 1996 273 2055 quod
283 2010 325 2042 nos
340 1995 406 2056 uelis,
414 1996 549 2058 priusquam
559 1992 668 2044 obimus?
705 1996 756 2043 Du.
775 1994 874 2043 Fecistis
883 1993 954 2055 probe
964 1992 1078 2057 officium:
1094 1995 1167 2042 multo
1178 2009 1228 2041 mu·

127 2055 170 2115 gis
181 2057 207 2105 irs
217 2059 307 2107 incerto
317 2075 367 2107 sum
376 2061 474 2122 positus,
484 2076 553 2122 quom
568 2064 639 2122 poulo
649 2064 703 2108 oute
714 2058 764 2119 fui.
798 2059 849 2107 GE.
868 2058 1000 2104 Domestr'ei
1011 2061 1098 2115 negant
1109 2058 1227 2119 Antipho·

128 2130 184 2168 nem
192 2123 299 2175 rediisse.
321 2126 374 2174 Du.
388 2124 499 2174 fratrem
507 2122 653 2172 Chremetem
662 2123 807 2185 opperirime
817 2125 923 2184 oportet:
934 2121 995 2183 quod
1003 2120 1062 2168 mibi
1071 2121 1229 2170 cmutliumol

592 2261 771 2282 unumne

129 2376 199 2427 quom
210 2377 296 2411 esseae
307 2362 388 2411 bortum
399 2362 540 2410 Boiu-14
558 2360 668 2409 Codices
680 2360 797 2424 quidam:
814 2375 870 2409 suus
880 2360 960 2423 cuique
970 2376 1019 2409 mos
1029 2366 1078 2409 eet:
1102 2362 1169 2411 citra
1183 2377 1228 2412 ne·

130 2426 283 2475 cessitatem⁴
293 2430 426 2475 sententiae
439 2435 467 2474 et
479 2425 570 2472 metri:
589 2432 616 2472 et
629 2425 715 2473 omisit
726 2425 771 2474 Pr.
780 2425 868 2474 instit.
879 2426 994 2475 Gramm.
1005 2425 1050 2474 lib.
1063 2440 1132 2475 xvir.
1152 2429 1228 2478 West.

130 2491 179 2539 Br.
195 2507 259 2539 mons
280 2506 325 2553 pro
340 2505 397 2539 mos.
430 2488 536 2537 ‘Guelfi
548 2493 572 2538 a.
584 2504 645 2537 murs
664 2490 755 2537 vitiose
767 2491 858 2552 script.
869 2506 882 2537 r
900 2491 937 2539 lit.
948 2499 1102 2553 superante;
1120 2491 1146 2539 id
1158 2493 1227 2556 quod

130 2562 231 2617 puncto
251 2557 329 2603 etiarn
348 2555 476 2602 indicatur
493 2552 653 2614 subscripto!
678 2555 812 2601 Peri-16
834 2554 942 2616 Imeptu.
967 2555 1030 2603 Mss.
1050 2557 1088 2606 M.
1102 2557 1146 2605 Tr.
1163 2558 1227 2605 Wit.

131 2619 224 2668 Leidd.
235 2627 287 2668 tres
300 2634 357 2667 cum
369 2620 425 2666 ΕΑ.
438 2625 465 2665 et
477 2617 532 2666 EP.
544 2619 666 2679 irreptum.
680 2633 705 2679 q.
717 2616 743 2665 d.
752 2616 822 2667 Gall.
833 2632 865 2666 uri
875 2622 986 2666 attentat.
1020 2618 1092 2666 Idem
1105 2634 1137 2667 ex
1145 2620 1228 2668 Codd.

129 2683 224 2731 Berob.
237 2691 264 2732 et
275 2684 316 2731 Vi.
336 2683 424 2730 laudet
441 2683 565 2742 Fa'e'rnus,
577 2689 647 2729 etex
659 2681 709 2728 Me.
722 2681 871 2730 Lorarriensi
894 2683 1064 2743 Pulmuunus;
1090 2683 1228 2748 placetque
1272 2712 1274 2719 ·

127 2747 237 2808 Guyeto
256 2748 281 2793 in
299 2747 407 2794 Sclroliis
420 2745 532 2793 ineditis.
553 2747 624 2794 West.
666 2745 758 2792 Plures
777 2759 810 2792 ex
827 2746 1058 2806 nostrisiuceptom.
1092 2747 1227 2797 Utrumvis

128 2811 223 2874 probe.
248 2809 298 2856 Sed
311 2811 396 2872 placer
408 2810 510 2870 inceptu.
526 2809 593 2857 Vide
606 2808 638 2856 ad
650 2806 717 2857 And.
728 2822 747 2856 r.
756 2813 780 2857 6.
793 2813 815 2857 l.
833 2810 906 2857 Bent.
941 2810 1048 2871 inceptu.
1065 2809 1108 2859 Sic
1120 2811 1138 2861 l.
1148 2813 1228 2876 antiq.

129 2875 200 2936 Nam
210 2872 269 2920 elidi
280 2873 320 2922 lit.
332 2889 354 2920 m
366 2873 440 2927 facile
450 2880 571 2936 poterut3
587 2882 615 2920 ut
628 2888 670 2935 op.
682 2873 789 2921 Ennium
807 2871 899 2921 ‘fortis
910 2875 1091 2936 equus...Vicit
1104 2875 1229 2939 Olympia

128 2951 200 2987 nunc
208 2937 279 2984 senio
290 2933 420 2986 confectu'
432 2938 540 3000 quiescit
550 2937 565 2998 ;'
583 2937 624 2985 ubi
637 2940 712 2985 metri
723 2952 800 2984 causa
809 2937 835 2984 in
849 2951 912 2985 voce
928 2941 935 2965 ‘
947 2935 1096 2986 confectus’
1113 2939 1172 2988 lits
1183 2942 1229 2989 eli·

129 3003 212 3052 ditur.
230 3002 295 3050 Peri.
328 3003 450 3065 Inceptum
460 3002 520 3064 Blp.
533 3004 693 3064 Delpb.—20
712 3002 818 3050 Rediisse
836 3000 1128 3051 edd.eaedem.-21rt
1148 3004 1173 3053 Is
1190 3020 1227 3056 vs.

130 3067 212 3128 priori
224 3067 339 3130 adjungit
350 3068 447 3129 Delpb.
460 3075 487 3116 et
497 3067 555 3130 Bip.
590 3068 641 3115 Ms.
654 3066 729 3115 Bodl.
741 3066 769 3114 Si
780 3067 840 3130 quod
855 3066 913 3114 milti
923 3067 1014 3116 dederit
1026 3069 1054 3116 de
1064 3068 1108 3116 leuc
1118 3083 1145 3118 re
1153 3071 1229 3119 consi·

115 3133 198 3186 dium,
210 3132 235 3180 id
246 3147 368 3194 exsequar.
402 3132 436 3180 Et
453 3130 482 3178 rb
493 3133 617 3194 Exsequor
627 3137 666 3179 est
677 3132 701 3179 in
716 3131 779 3180 Mss.
792 3132 824 3180 G.
836 3131 908 3192 Lips.
918 3132 982 3180 Wit.
994 3146 1052 3180 cum
1065 3131 1119 3181 ΕΡ.
1132 3140 1160 3181 et
1172 3133 1228 3186 ΕΑ.

130 3204 210 3259 utque
220 3197 258 3246 ita
271 3198 336 3258 legit
348 3197 537 3247 Gamborellus.
571 3197 685 3245 Exlribeo
703 3196 841 3246 lectionem
852 3195 1237 3260 Fairniffluyetoprobutam..
1286 3206 1313 3269 J

135 3261 212 3311 West.
249 3262 317 3315 Quod
328 3262 387 3308 milo
396 3262 485 3310 dederit
495 3263 523 3310 de
535 3262 576 3310 buc
587 3277 612 3310 re
623 3260 752 3321 eonsilium,
763 3261 789 3309 id
799 3261 1010 3323 exequendum
1020 3262 1113 3312 librum
1125 3264 1228 3319 Bembiq

130 3338 191 3374 nuru
204 3324 343 3373 dictionem
360 3326 391 3386 is,
408 3341 465 3388 quae
478 3326 667 3389 praecedentem
680 3341 781 3376 versum
799 3325 865 3388 finit,
876 3326 951 3390 hujus
964 3327 1091 3392 principio
1104 3329 1228 3391 attribuo,
1244 3376 1246 3386 ,

625 3467 732 3516 NOTAE
790 3503 800 3515 ..

131 3567 205 3611 tuere
217 3562 242 3611 in
254 3562 392 3626 integrum,
409 3562 511 3612 Gallice
529 3563 626 3610 relever.
701 3561 801 3610 duabus
812 3562 851 3609 bis
863 3562 944 3610 literis
956 3563 991 3611 N.
1004 3563 1033 3612 Ι..
1048 3562 1087 3628 (id
1100 3569 1150 3624 ert,
1167 3564 1228 3618 Nori

166 3641 197 3686 1⁷
232 3638 341 3700 Amplius
368 3639 542 3687 deliberandum
569 3637 660 3700 censeo]
701 3637 795 3703 liquet)
807 3638 985 3702 significabant
1000 3638 1048 3687 sibi
1060 3653 1110 3687 non
1121 3640 1230 3703 liquere,
1276 3651 1279 3654 ⁴

131 3713 277 3777 Ampliare,
295 3724 335 3763 est
357 3717 519 3777 protrahere,
541 3711 658 3775 differre,
702 3712 761 3778 quid
782 3714 947 3764 statuendum
976 3722 1053 3774 esset,
1073 3729 1229 3779 causamque

129 3791 187 3838 baec
199 3804 248 3838 vox
260 3789 337 3838 etiam
348 3790 381 3838 ud
387 3789 487 3852 judicia
496 3790 659 3852 pertinebat:
701 3791 786 3840 denuo
799 3805 854 3840 eme
868 3789 1013 3840 dicendam.
1035 3790 1077 3839 Ad
1086 3793 1229 3855 ampliatio·

130 3874 161 3916 ut
178 3881 236 3914 curn
248 3880 306 3914 reus
323 3866 440 3928 ampliari
453 3866 550 3915 dicitur
562 3882 570 3926 ς
594 3865 661 3930 quod
701 3881 759 3916 nem
771 3869 828 3917 boec
840 3867 919 3917 verbu
930 3875 1018 3916 textus
1029 3867 1153 3917 alludunt.

130 3951 185 3992 tum
198 3941 288 4004 flebat,
304 3955 360 3991 curn
378 3955 455 3989 cause
467 3941 598 4005 judicibus
611 3956 661 3990 uon
736 3949 765 3994 18
783 3945 904 4007 Numquid
914 3943 1010 4007 noscis]
1026 3943 1230 3995 Abiturientium

130 4019 260 4069 saliserat
273 4018 382 4081 probatu
396 4030 403 4063 ι
418 4030 476 4064 uam
486 4016 555 4081 apud
570 4017 661 4069 Roma-
701 4029 743 4073 ert
765 4019 875 4071 formula
897 4021 969 4086 quari
987 4020 1068 4084 dicat,
1096 4020 1236 4087 Numquid

130 4112 188 4153 nos,
211 4097 233 4146 si
256 4110 336 4144 cause
358 4093 489 4143 obscurior
510 4102 591 4158 esset,
610 4110 662 4144 am·
701 4097 771 4148 aliud
788 4103 837 4156 est,
859 4096 1228 4164 quodrtusvelis,priurquutn

132 4175 200 4240 pluri
212 4172 599 4242 pronuntiabaturajudicilrur,
615 4175 661 4240 qui
702 4172 819 4224 abimus?
