2678 4694
376 326 538 376 necron
562 327 646 378 sor.
670 326 726 376 ιι-ι.
749 329 802 377 so.
825 329 864 378 ιι.
1101 313 1166 381 ael
1268 298 1271 303 ’

64 470 187 539 Hem!
209 469 297 534 istoc
313 472 415 536 verbo
430 472 558 536 animus
571 472 773 552 mibi-rediit,
784 480 817 539 et
833 493 915 538 cura
929 492 975 538 ex
989 472 1164 543 corderex·

203 571 317 635 cessit.

67 672 173 741 :Pam
194 671 217 736 J
220 692 275 736 am
289 682 332 736 c'a
346 673 386 736 de
402 693 509 738 causa
522 679 680 738 maxume
695 694 780 738 nnnc
795 674 862 738 hnc
876 674 1011 739 introire
1024 676 1122 741 nolo:

71 774 164 838 Nam
178 774 208 837 si
222 775 385 840 remittent
400 775 572 860 quidpiam
589 776 799 842 Philumenae
815 775 960 855 dolores,

52 940 53 947 ,
71 877 216 941 Omnem
230 895 297 940 rem
314 880 469 957 narrabit,
485 881 572 957 scio,
588 881 747 945 continuo
763 878 836 943 sola
852 879 931 955 soli,
1123 879 1167 946 lt

70 977 162 1056 Quae
176 979 261 1041 inter
276 998 337 1042 vos
351 979 536 1059 intervenit,
550 981 638 1047 unde
654 990 765 1046 ortum
781 985 832 1046 est
846 981 973 1045 initium
985 979 1057 1045 irae.

69 1156 145 1215 Hera,
155 1157 219 1206 dicto
229 1163 270 1206 tao
279 1159 308 1205 rie
319 1157 476 1223 ademtaflh'i
485 1159 572 1218 resecta
582 1164 607 1208 et
625 1163 731 1209 recreata
740 1173 803 1221 sum,
814 1164 837 1208 et
845 1159 954 1209 anatona
964 1174 995 1209 ex
1004 1158 1082 1208 animo
1092 1171 1167 1208 reces-

65 1220 112 1269 ait.
145 1221 197 1271 ΡΑ.
213 1223 342 1285 Propterea
353 1224 503 1286 teproecipae
518 1224 561 1273 has
579 1226 640 1272 ades
649 1225 752 1286 ingredi,
768 1239 813 1272 non
823 1224 908 1272 suadeo
919 1224 980 1273 nti:
996 1222 1168 1272 matrimonii

66 1286 137 1333 datar
146 1285 312 1337 Philumenam
318 1288 444 1349 relinquat,
454 1291 479 1336 et
494 1288 677 1349 intermittatur,
688 1303 734 1337 non
744 1288 841 1337 dabiram
850 1293 886 1337 eat
896 1289 964 1348 mihi,
972 1287 1029 1351 quin
1040 1287 1166 1350 Pamphila

67 1354 144 1398 totam
153 1351 189 1400 rei
198 1352 284 1400 seman
294 1357 404 1414 exponat,
415 1356 439 1399 et
448 1357 565 1401 recenseat
573 1353 695 1412 cmqtestim
709 1353 806 1400 renatis
816 1353 923 1412 arbitris,
931 1367 1036 1414 praesens
1043 1351 1166 1414 presumi

65 1428 123 1476 qraa
139 1416 204 1464 inter
220 1421 243 1464 te
254 1421 279 1465 et
289 1430 339 1464 eam
349 1416 472 1465 iracundia
482 1417 622 1480 intercessit,
633 1422 656 1466 et
667 1431 698 1466 ex
714 1431 760 1478 qua
770 1431 796 1465 re
806 1417 856 1464 adii
865 1417 1026 1480 origofluaitr
1055 1417 1116 1466 Ecce
1127 1412 1167 1467 hle

530 1561 708 1582 'nmo

65 1653 187 1718 Utraque
197 1655 277 1704 lectio
288 1655 411 1706 Plautum
422 1656 501 1706 habet
511 1665 651 1706 auctorem.
676 1656 753 1706 Wert.
783 1643 999 1718 geminabo—12
1016 1656 1102 1706 Rediit
1112 1647 1165 1708 ani·

64 1725 196 1778 tarnenna
209 1719 286 1769 Both.
300 1722 397 1769 recessit
414 1723 522 1770 lin-lt
541 1722 579 1771 Μ.
591 1727 619 1770 et
629 1720 720 1769 Boend.
732 1721 771 1770 lta
783 1736 809 1770 ea
820 1735 897 1771 eausa
922 1720 1049 1785 quonrodo
1063 1736 1101 1770 ex
1118 1723 1165 1771 im·

64 1783 164 1845 pressis
174 1781 284 1846 Argent.
296 1785 377 1845 Lugd.
390 1794 500 1850 uterque
512 1787 608 1835 Venet.
621 1786 674 1834 alii.
692 1787 738 1834 sed
752 1787 806 1835 ΕΑ.
820 1784 879 1835 ΑΙᾱ.
890 1786 980 1850 Steplr.
991 1786 1166 1836 attunt-iarn

64 1862 92 1896 aa
104 1852 130 1896 te
139 1863 217 1898 masa.
228 1848 310 1898 Wcst.
327 1857 354 1898 et
367 1849 416 1910 iarn
427 1865 454 1898 ea
465 1856 488 1900 te
499 1851 560 1914 Bip.
579 1851 624 1898 Βι.
641 1853 721 1898 ‘nunc
731 1852 823 1899 intrare
834 1851 885 1899 duo
898 1848 972 1898 Mor!
990 1851 1065 1900 Boect.
1090 1853 1097 1878 ⁴
1111 1851 1165 1902 Hic

62 1912 1165 2041 enuntiaritstitttttttit{intentaritt‘tttitltt

63 2045 89 2089 te
97 2055 129 2088 ea
139 2056 212 2090 causa
222 2040 312 2092 Guelf.
323 2047 412 2092 3.-14
430 2043 470 2092 Ita
481 2051 522 2092 est
532 2045 558 2092 iu
570 2044 633 2091 Mss.
644 2043 734 2091 Leidd.
747 2052 866 2104 qrratrror,
876 2043 926 2091 sed·
934 2050 960 2091 et
967 2043 1014 2091 Tr.
1025 2049 1053 2090 et
1064 2043 1165 2093 duobus

64 2106 132 2155 Mes.
144 2106 253 2155 Donati.
288 2107 323 2155 Et
335 2108 372 2155 ita
384 2122 398 2155 e
408 2108 530 2156 Diomed.
543 2108 587 2156 lib.
600 2121 641 2155 ιιι.
653 2109 741 2155 laudat
754 2109 797 2157 Fr.
808 2107 952 2165 Fabricius,
962 2105 1081 2156 defendit
1093 2106 1164 2170 Goy-

63 2176 135 2232 etus,
143 2184 287 2234 quanquam
299 2171 363 2220 Mas.
372 2172 414 2220 alii
423 2187 481 2221 curn
500 2171 558 2220 edd.
568 2171 716 2229 iuniorum,
728 2171 798 2228 Aldi,
810 2170 933 2232 Stephani
944 2171 969 2217 in
981 2171 1095 2230 eleganti
1111 2172 1173 2221 eoi:

55 2231 147 2297 fatone,
159 2234 219 2282 anni
230 2238 304 2285 tata.
315 2233 403 2284 formae
416 2237 536 2299 orinirnae,
557 2235 613 2285 ΕΑ.
628 2236 788 2284 Philumenam
803 2231 954 2296 praeferant.
989 2234 1066 2282 Prior
1085 2234 1166 2286 lectio

57 2299 162 2349 Latina
172 2299 252 2361 magis
263 2299 375 2361 videtur,
386 2309 476 2364 estque
488 2302 514 2349 in
526 2299 585 2348 edri.
597 2297 708 2360 Argent.
722 2299 803 2361 Lugd.
816 2298 904 2361 Steplr.
922 2296 981 2346 anui
1001 2301 1074 2346 loto.
1093 2299 1164 2350 Pict.
1231 2351 1235 2361 ,

63 2362 133 2411 aliis.
150 2363 187 2411 Ar
205 2377 236 2410 oe
244 2364 334 2412 eudem
342 2379 418 2413 sensu
428 2365 503 2414 Celso
512 2365 520 2392 ‘
529 2365 636 2413 dolorse
645 2361 791 2411 remittere'
800 2362 904 2411 dicitur.
916 2362 1094 2425 PlatoLegib.
1104 2377 1166 2414 vrtt.

63 2425 163 2477 rtatim
224 2443 262 2476 aar
272 2429 431 2492 δρῶντιλωφ“
441 2447 465 2477 τι
475 2426 611 2487 rhedonica.
643 2426 916 2489 Soph.Ptriloct.too.
936 2425 979 2477 ἕως
994 2425 1082 2492 irini
1098 2429 1164 2488 πῆμα

59 2493 137 2606 {pibo
146 2489 271 2605 opima
279 2491 308 2540 rb
317 2495 383 2604 νῦὶι
395 2557 410 2604 d
425 2511 446 2541 ν.
454 2493 521 2606 Epic
535 2492 644 2605 ventitat
655 2491 933 2604 inilsess‘q‘mlmlep
941 2492 1166 2606 diiunim'nm'

89 2591 97 2605 .
136 2589 143 2605 .
229 2571 327 2605 venam.
368 2572 421 2606 ιιι.
490 2570 675 2605 ramoosrrcc
713 2589 720 2602 .
758 2569 887 2604 o.srce
936 2570 957 2606 r.
994 2570 1042 2605 er.
1104 2572 1164 2608 ona-

62 2627 107 2669 tns
123 2619 190 2683 legit
208 2620 371 2670 Philtonem:
396 2621 521 2682 dicens,“
536 2622 680 2678 remittent,
698 2620 805 2667 verbum
824 2619 947 2680 activum,
967 2620 1078 2683 positum
1098 2634 1166 2684 esee,

60 2684 137 2748 quasi
149 2684 287 2735 neutrum!
321 2685 364 2732 lta
375 2685 453 2733 etiam
464 2685 527 2747 legit
540 2684 646 2733 Rufinus
665 2684 691 2731 in
712 2683 778 2733 libro
789 2681 822 2732 de
835 2684 923 2732 metris
933 2684 1055 2734 comicis:
1074 2687 1165 2750 itaque

61 2749 144 2799 etiam
165 2749 292 2810 scriptum
309 2749 412 2797 virtetur
428 2747 508 2797 irrisae
526 2749 551 2796 iu
570 2748 640 2796 vict.
657 2747 702 2795 sed
722 2746 817 2796 deinde
836 2753 962 2797 mutatum
978 2748 1003 2796 in
1024 2748 1164 2800 tectionem

62 2814 202 2876 vulgatam.
219 2812 265 2861 Fa.
297 2813 461 2862 Philumenam
470 2814 566 2861 dolores.
582 2811 626 2860 Sic
637 2811 753 2875 plerique
763 2811 862 2872 nostri3
880 2826 944 2860 unus
957 2820 1056 2862 tantum
1067 2814 1165 2877 Regius

61 2877 220 2926 Phiimnenoe.
242 2878 362 2926 Donatus
370 2879 498 2940 posterius
511 2877 604 2939 recipit
617 2891 625 2937 3
642 2883 763 2935 atcerte,
776 2875 883 2936 ‘dolon’
895 2878 904 2905 ⁴
917 2878 1020 2925 morbus
1035 2878 1165 2939 remittit,'

62 2942 162 3004 passim
173 2943 294 2990 occurrit.
327 2941 426 2989 Tamen
437 2941 469 2989 ob
482 2941 507 2989 id
519 2941 586 3005 quod
599 2940 724 3004 sequitur,
734 2940 944 2989 Philarnenamlrie
957 2941 1083 2990 adscisco.
1106 2943 1165 2993 Sola

60 3006 115 3066 soli,
125 3005 221 3068 inquit,
230 3003 346 3054 narrabit.
377 3005 404 3053 Si
417 3005 580 3054 Philumenam
589 3005 689 3063 scribis,
707 3019 739 3053 ca
757 3012 798 3053 est
808 3005 859 3053 ista
870 3005 940 3053 Sola:
957 3005 997 3054 sin
1007 3005 1165 3070 Philumena,

61 3085 122 3134 qaae
134 3069 187 3118 ista
197 3069 253 3118 Sota
263 3071 307 3130 sit,
318 3069 426 3117 nescias.
443 3071 517 3120 Bent.
551 3069 699 3118 Philumena
709 3069 770 3131 Bip.
783 3084 834 3133 qno
841 3069 931 3132 judice
946 3072 953 3097 ⁸
966 3069 1064 3133 plenius
1076 3071 1164 3121 Latini

61 3137 69 3163 ⁸
81 3148 112 3182 sc
123 3133 279 3191 remittent,'
288 3133 357 3182 unde
369 3134 490 3182 abnorme
500 3141 541 3184 ast
553 3134 621 3197 qood
634 3134 677 3183 alii
689 3138 716 3181 et
726 3135 783 3196 ipse
794 3135 870 3182 Bent.
889 3132 1032 3196 praeferunt
1040 3134 1164 3186 Philtone-

60 3197 137 3248 nam!
163 3198 285 3262 ‘Duplex
297 3198 371 3260 lrujns
384 3198 434 3246 loci
446 3198 524 3247 lectio
533 3207 582 3248 est.
607 3198 636 3247 Si
644 3199 765 3246 remittent
776 3198 896 3261 quippiam
907 3199 1054 3248 Philumena
1065 3201 1165 3264 dolorm,

61 3263 125 3323 etsi
134 3263 258 3311 remittent
270 3262 390 3325 quippiam
401 3263 565 3311 Philumenam
575 3263 673 3312 dolores.
705 3263 731 3311 Si
745 3263 855 3325 priorem
869 3263 1004 3312 tectionem
1016 3278 1164 3328 sequamur,

60 3328 155 3376 dolores
163 3327 284 3375 remittent
296 3326 424 3388 significat
435 3328 545 3376 leniores
557 3327 630 3389 fient,
647 3327 814 3389 sedabuntur,
825 3329 974 3391 pronomine
992 3343 1018 3378 se
1038 3330 1163 3379 subintel·

61 3393 142 3453 lecto,
154 3390 221 3454 quod
233 3402 303 3453 saepe
314 3390 424 3438 additur.
457 3391 512 3441 Cic.
530 3392 555 3439 in
574 3393 649 3442 Orat.
667 3407 690 3440 c.
703 3396 743 3441 34.
776 3393 821 3440 Sin
834 3393 1003 3455 posteriorem
1016 3393 1163 3455 lectionem,

61 3471 121 3521 quta
132 3453 247 3521 pluribus
258 3454 459 3504 auctoritatibus
471 3455 571 3514 nititur,
582 3454 756 3517 praeferamus,
766 3458 856 3504 dobree
866 3459 988 3506 remittent
1001 3457 1164 3506 Philumenam

59 3518 975 3646 trtffittttibitibi,tillittttitinitittitt
993 3520 1162 3647 ‘ttulit'

59 3649 175 3714 Argent.
194 3599 424 3708 J'untarrrm,nlni‚
441 3646 577 3709 Stephani,
595 3618 741 3706 Pulmaoni,
759 3647 873 3708 Febrim,
891 3648 958 3695 aliae.
997 3646 1111 3696 Fuimus
1126 3664 1162 3698 ex

61 3716 140 3764 Bam.
150 3713 305 3762 interemerit
318 3720 406 3761 tuetur
416 3729 423 3774 3
440 3713 507 3776 qood
518 3713 609 3772 nuperi
618 3712 732 3760 editores
743 3718 803 3760 srrnt
814 3711 928 3775 sequuti.
963 3710 995 3759 In
1005 3711 1087 3760 altero
1097 3713 1160 3765 Mas.
1215 3744 1219 3754 ι

61 3777 165 3829 Donati
177 3785 228 3837 est,
239 3792 290 3841 qna
300 3775 364 3826 inter
373 3791 415 3825 om
423 3776 497 3828 uenit.
513 3775 608 3823 Wart-
628 3777 702 3824 Bem.
714 3777 875 3824 interemerit.
894 3777 932 3824 ita
950 3775 1005 3824 sine
1018 3777 1070 3824 nlla
1081 3776 1160 3827 licen·

60 3844 101 3894 tia
132 3841 233 3890 rocedit
245 3855 341 3890 versus.
374 3841 412 3889 ita
431 3844 509 3890 etiarn
529 3839 597 3903 prius
616 3841 717 3889 videtur
736 3840 813 3889 fnisse
832 3841 858 3888 in
870 3840 940 3889 vict.
950 3841 991 3888 coi
1005 3839 1078 3889 nimis
1089 3855 1161 3906 saepe

60 3857 135 3958 scioli
155 3905 433 3956 mannsadrnorerorrt.
457 3905 503 3954 Fa.
537 3904 626 3954 Nostri
636 3905 772 3953 intervenit.
807 3904 858 3953 Sed
876 3903 960 3952 adhuc
980 3910 1072 3966 restat,
1088 3908 1159 3970 quod

62 3970 193 4023 Bembina
204 3970 337 4032 suppetias
348 3967 425 4018 ieron
454 3971 572 4033 Repone,
590 3969 650 4024 Qua
668 3969 731 4016 inter
749 3983 791 4018 oos
809 3968 995 4026 interemerint,-
1011 3971 1161 4020 andomnrm

62 4043 99 4087 cat
108 4035 208 4086 initiam
218 4035 271 4082 ira.
304 4035 312 4060 ⁴
328 4034 407 4084 Quoe⁸
424 4034 491 4082 enirn
503 4048 552 4082 non
564 4031 677 4081 refertur
688 4032 721 4080 ad
737 4035 744 4060 ⁴
758 4034 820 4081 Rern
830 4032 847 4091 ς’
871 4032 966 4080 sedeat
979 4036 1063 4082 neutri
1074 4035 1159 4098 plura-

63 4102 101 4152 lis.
125 4106 143 4128 '⁸
156 4098 267 4148 Omnem
279 4111 334 4147 rem
347 4097 460 4146 narrabit
470 4114 486 4157 ς·
495 4098 561 4150 Quae
570 4098 642 4147 inter
653 4111 697 4144 ros
710 4085 904 4157 intirvenerint,
915 4099 1048 4148 narrabit!
1066 4101 1159 4162 Neque

63 4167 141 4217 aliter
153 4164 273 4215 Donatus
292 4163 352 4213 olim
370 4162 490 4226 legebat:
507 4164 586 4219 ‘Qua
596 4163 659 4212 inter
676 4162 887 4211 oosinteroerrerit.
915 4161 1010 4215 Melias
1018 4163 1067 4221 sic.
1084 4178 1160 4228 quant
