2678 4694
401 326 659 379 unnnruouou
682 329 764 391 ser.
781 333 804 379 r.
827 322 885 381 se.¹
903 335 928 380 r.

122 470 213 533 Dum
228 467 263 532 id
278 469 433 534 rescitum
446 471 488 537 iri
502 473 616 552 credit,
626 473 787 558 tantisper
801 482 914 542 cavet:

121 571 158 636 Si
173 576 286 654 sperat
298 571 367 636 sore
382 573 478 650 clam,
493 593 621 638 rursum
637 575 680 640 ad
694 575 859 658 ingenium
874 578 973 643 redit.

120 672 193 749 Ille,
207 692 307 755 quem
323 673 483 738 beneficio
498 674 670 759 adjungas,
683 695 726 740 ex
742 678 852 741 animo
868 679 968 758 sacit3

121 773 240 836 Studet
251 794 311 857 par
324 775 462 841 referre:
484 797 643 860 praesens,
658 779 859 861 absensque,
875 780 965 843 idem
976 782 1049 845 erit.

122 872 202 936 Hoc
218 875 362 956 patrium
377 882 439 954 est,
453 879 567 959 potius
581 880 813 944 consuefacere
827 880 943 958 filium,

121 973 194 1037 Sua
209 984 325 1058 sponte
339 964 562 1057 recto'saoere,
584 1000 684 1063 quam
699 980 809 1044 alieno
826 987 925 1045 metu.

122 1073 201 1138 Hoc
214 1081 309 1157 pater
323 1095 362 1141 aa
377 1077 529 1143 dominus
544 1081 692 1145 interest:
713 1081 779 1146 hoo
795 1083 852 1164 qui
866 1083 990 1166 nequit,

121 1175 283 1241 Fateatur
296 1179 598 1263 nesoireimperare
611 1181 735 1245 liberis.

120 1277 189 1340 Sed
204 1285 296 1343 estne
309 1280 363 1345 hio
378 1281 485 1362 ipsus,
500 1282 622 1367 dequo
639 1266 801 1364 agebam?
823 1289 855 1348 et
869 1292 955 1348 certe
969 1285 1000 1348 is
1013 1293 1077 1350 est.

119 1380 250 1446 Nescio
266 1383 347 1465 quid
361 1384 487 1448 tristem
502 1385 614 1450 video:
637 1386 734 1450 oredo
745 1386 827 1468 jam,
842 1391 879 1450 ut
893 1388 991 1463 solet,

118 1481 282 1565 Jurgabit.
324 1485 463 1552 Salvum
479 1493 512 1552 te
527 1488 691 1574 advenire,
706 1488 846 1563 Demea,
1162 1489 1207 1552 55

120 1584 335 1671 Gandemus!

115 1792 161 1839 per
170 1785 239 1830 tonet
255 1782 311 1842 sibi,
326 1789 349 1832 el
365 1784 465 1832 ulminet
483 1801 498 1833 n
513 1786 582 1845 nmio,
597 1787 653 1834 dum
667 1786 692 1833 id
702 1783 821 1845 mgnitsm
832 1784 864 1832 iri
872 1788 958 1849 putul:
976 1785 997 1832 si
1007 1783 1080 1833 credit
1091 1783 1205 1833 meallen

110 1842 178 1904 sere,
198 1859 283 1893 mersus
301 1848 332 1894 ed
350 1861 403 1896 suos
417 1863 491 1896 mores
507 1849 640 1898 revertitur.
674 1849 728 1911 lile,
745 1862 811 1912 quem
826 1848 932 1913 beneflcio
947 1849 1062 1913 nequires,
1080 1847 1142 1897 omni
1157 1853 1205 1896 slis·

117 1907 158 1954 dio
168 1906 244 1957 Eleas
255 1910 353 1974 effetum
358 1911 431 1970 facil,
441 1918 508 1960 curat
519 1913 646 1974 diligenter
659 1913 761 1961 uicissim
771 1911 921 1974 terrestrem
936 1914 986 1961 siue
998 1914 1061 1961 adsit
1071 1926 1157 1972 corum,
1168 1913 1206 1960 ael

116 1971 179 2019 elem
188 1971 260 2034 ebrit,
269 1974 369 2024 uiridem
378 1977 417 2024 sui
427 1990 515 2038 semper
525 1991 549 2026 se
557 1982 634 2038 geret,
641 1982 664 2026 et
673 1978 697 2025 in
708 1977 782 2040 officis
791 1990 831 2024 suo
839 1977 949 2026 murtelit.
982 1976 1036 2024 Hes
1043 1981 1132 2039 putrem
1140 1977 1206 2024 decet

113 2035 198 2096 potius
206 2037 355 2112 ‘terrefacere
366 2039 456 2114 filium,
471 2039 569 2090 libenter
586 2046 609 2089 el
625 2043 686 2116 ultre
695 2037 888 2115 rectejneierrdo,
900 2056 968 2103 quum
977 2041 1084 2089 terendo
1095 2040 1206 2113 exemplis

114 2103 1024 2236 wanti?ttrlttltnltttlttttult,triu
1036 2104 1205 2225 tillitus

115 2225 244 2277 thersam
256 2229 360 2290 ingenie.
392 2230 441 2280 Sed
457 2236 521 2280 estne
536 2231 574 2280 liic
588 2232 597 2279 i
650 2232 747 2290 Demea,
757 2232 786 2278 de
795 2246 838 2294 qao
848 2230 974 2293 loquebar?
1000 2231 1114 2293 Equidem
1125 2229 1206 2292 isipne

115 2295 163 2339 eti·
198 2292 284 2343 Nescio
293 2299 387 2358 propter
403 2295 459 2357 qnid
470 2295 548 2345 unta
558 2296 590 2344 m'
606 2296 616 2342 i
626 2295 733 2344 uidetur:
747 2297 805 2358 puto
814 2294 868 2354 jem
876 2310 920 2359 pro
930 2310 992 2344 more
1005 2309 1046 2345 eun
1055 2293 1149 2356 iurgiis
1158 2307 1205 2344 ms·

113 2369 173 2403 eum
181 2359 247 2421 aget.
279 2355 377 2406 Meum
390 2363 414 2408 te
423 2361 502 2409 adesse
513 2360 588 2423 letor,
599 2358 696 2409 Demea.

116 2598 194 2646 Benl.
225 2598 274 2646 'Est
290 2598 366 2648 sieZ.
379 2598 513 2648 Part-is
530 2597 596 2647 Haec
614 2605 688 2647 vetus
706 2605 732 2646 et
753 2613 812 2647 vera
830 2603 869 2647 est
886 2598 947 2646 leet.
966 2613 1043 2662 qnam
1062 2600 1205 2651 Palmerius

115 2675 257 2725 perperam
267 2662 402 2711 immutare
414 2663 533 2711 tentarit.
550 2662 687 2710 Lim—so
703 2663 795 2710 Rursus
811 2662 886 2710 Bodl.
907 2662 982 2712 Weet.
1014 2661 1121 2726 Antiqui
1137 2664 1205 2727 libri,

116 2733 218 2788 preter
235 2725 420 2789 Betilienum,
434 2733 462 2774 et
479 2739 566 2774 omnes
584 2724 640 2773 fere
656 2725 709 2782 elii,
725 2732 753 2773 et
769 2726 896 2784 Donatus,
911 2739 999 2774 rursm.
1030 2726 1114 2777 Immo
1130 2727 1205 2777 Bem.

116 2788 190 2852 prins
201 2789 312 2840 habebat
320 2805 427 2839 mesum:
444 2797 473 2839 ot
484 2797 513 2840 et
523 2789 599 2838 nabet
610 2789 671 2838 Bas.
683 2789 728 2837 Fa.
761 2788 851 2838 Nostri
862 2786 916 2836 fere
927 2803 1015 2838 omnes
1024 2804 1126 2848 tersum,
1136 2792 1204 2854 quod

98 2853 207 2902 <verini
219 2854 375 2903 commodius
385 2860 442 2914 επις
460 2860 487 2902 et
497 2853 539 2902 irio
552 2852 735 2916 reponendum.
752 2853 824 2901 Beni.
857 2853 950 2900 Rursus
967 2853 998 2903 Z.
1030 2855 1060 2903 Si
1076 2856 1137 2903 elam
1149 2856 1205 2914 sore

114 2921 200 2978 operm
209 2917 353 2967 Botis-dl
369 2919 406 2979 Is,
420 2932 486 2980 quem
496 2917 574 2967 Both.
608 2917 682 2973 Quem
694 2916 715 2964 l.
727 2933 750 2966 a.
761 2917 801 2965 ille
811 2914 871 2980 Bip.
889 2923 916 2966 et
934 2916 971 2965 sic
980 2918 1055 2966 molti
1066 2925 1125 2980 post
1134 2919 1205 2968 Mur.

119 2985 196 3030 —48-
206 2981 269 3030 Mes.
289 2988 315 3031 et
335 2982 400 3030 editi
416 2981 529 3045 quidam,
543 2995 654 3044 presens,
669 2979 757 3030 eisem
773 2981 857 3030 West.
890 2979 975 3030 Studet
988 2996 1034 3044 por
1051 2980 1139 3041 referre
1150 2983 1204 3031 vul·

117 3050 194 3106 gata,
211 3051 239 3094 et
254 3043 293 3094 Sl.
303 3060 346 3109 por
354 3045 409 3108 peri
419 3044 506 3108 referre
517 3045 568 3096 Gn.
580 3050 604 3095 1.
619 3053 755 3108 utrumque
766 3059 799 3093 ex
808 3045 904 3108 interp.
936 3045 957 3094 C
974 3046 1072 3095 omittit
1083 3047 1205 3109 conjunc·

120 3109 230 3159 tionem.
250 3109 319 3158 Botlr.
347 3109 373 3157 ui
381 3110 425 3157 dat
436 3108 521 3157 Studet
529 3108 627 3171 referre,
635 3124 738 3172 presens
746 3109 827 3158 uirens
838 3109 965 3158 ilemerit.
999 3109 1204 3173 Purpurirefetre

120 3171 214 3236 Gnelt'.
226 3174 316 3221 tle-49
329 3124 370 3222 il.
382 3178 410 3222 et
421 3171 479 3220 EA.
491 3187 549 3221 com
561 3173 665 3222 Fabrini
675 3172 798 3235 editione,
812 3178 914 3235 petrum.
946 3172 990 3223 Its
1007 3182 1034 3222 et
1045 3175 1118 3223 Leid.
1129 3189 1201 3225 nnus.

117 3235 171 3284 Sed
184 3235 229 3285 Tr.
246 3235 301 3284 Hae
316 3237 420 3299 putrium
434 3237 511 3298 petius
521 3243 566 3285 est.
580 3238 662 3287 West.
687 3238 798 3297 ,Petrum
807 3237 849 3285 ed.
868 3244 956 3286 nostra
972 3253 995 3287 e.
1007 3238 1068 3302 figg.
1079 3239 1203 3301 asp-so

117 3299 187 3348 GM.
198 3305 275 3348 ruta:
292 3301 374 3349 miuus
384 3300 619 3350 Latine.Perl.-⁵l
637 3301 731 3351 Maliet
742 3301 810 3365 Gny.
828 3302 880 3349 Hoc
898 3302 939 3364 qni
956 3302 1044 3352 serait:
1062 3317 1112 3350 non
1124 3303 1204 3352 inele-

119 3370 223 3425 ganter,
232 3362 308 3412 modo
320 3364 428 3413 Codices
439 3362 564 3414 ferment.
596 3365 627 3413 In
635 3366 679 3414 Tr.
691 3373 748 3413 erat
759 3365 892 3428 seriptum,
909 3366 963 3414 Huc
974 3366 1014 3428 qai
1027 3367 1140 3425 aeidum
1156 3367 1204 3417 sed

118 3426 257 3477 rixemini
263 3426 407 3488 inductum,
417 3433 444 3476 et
453 3435 578 3476 mutatum
591 3429 616 3476 in
626 3428 803 3491 nequitwest.
823 3429 939 3478 Malebst
951 3429 1020 3492 Guy.
1029 3430 1102 3480 serm
1113 3431 1203 3493 probe.

115 3491 362 3555 Pet—onustiori
372 3492 471 3541 iuMss.
482 3491 642 3557 quibusdam,
658 3494 815 3553 Fulmineam
826 3492 921 3541 merite.
954 3493 1027 3541 Idem
1047 3494 1097 3542 sibi
1117 3508 1205 3555 reper-

116 3563 174 3604 tum
187 3555 213 3604 in
233 3555 333 3604 duobos
352 3554 489 3606 Codioibns
508 3561 619 3605 testatur
636 3556 717 3605 Boeei.
750 3558 789 3606 Ex
810 3555 940 3619 impremis
957 3557 1053 3605 habeut
1069 3557 1125 3606 ΕΑ.
1147 3557 1203 3607 ΕΤ.

115 3620 194 3670 lunt.
204 3621 323 3680 Venetae,
334 3618 397 3681 Arq.
409 3621 520 3669 Dssent.
528 3620 592 3668 alim.
625 3619 744 3669 Donatus
752 3634 801 3668 uon
809 3619 875 3682 legit
883 3617 912 3669 ri
919 3634 953 3679 se,
964 3634 1013 3668 nee
1021 3627 1204 3671 recensuerunt

115 3684 278 3747 Stephanos,
288 3684 403 3745 Fabrini,
415 3683 467 3733 alii.
488 3685 523 3733 Et
531 3697 592 3733 stne
603 3684 677 3733 metri
688 3685 753 3732 ratio
765 3698 887 3746 respuere
899 3683 1009 3733 ridetur.
1029 3683 1105 3732 West.
1123 3684 1203 3733 Dent.

119 3747 301 3797 duneFa‘e'rno
311 3763 337 3799 se
347 3748 450 3797 omisitt
467 3756 548 3796 recte.
565 3748 639 3797 Zearr.
672 3745 704 3795 Se
719 3747 782 3796 dant
805 3751 850 3796 Br.
860 3748 891 3797 Z.
903 3748 1064 3810 nemu-nt
1082 3745 1140 3795 ΕΑ.
1154 3748 1203 3796 eis-

116 3811 188 3861 dam:
204 3811 330 3875 quomodo
340 3817 367 3860 et
377 3811 428 3860 fuit
439 3811 547 3860 inBodl.
566 3812 612 3860 sed
629 3816 754 3859 mutatum
774 3811 800 3859 in
819 3812 922 3872 egedam.
937 3812 1084 3860 west-54
1102 3809 1203 3861 Dislem

113 3875 195 3926 neseio
211 3877 268 3938 qaid
281 3876 356 3925 Both.
391 3876 424 3924 Ut
436 3878 519 3924 ossolet
529 3876 574 3924 Br.
591 3875 632 3936 Id,
642 3887 693 3923 non
706 3874 759 3934 jam
771 3874 859 3924 Guelf.
869 3879 957 3924 tt-ot
975 3875 1092 3923 Donatus
1107 3874 1203 3927 infrsr.

114 3943 178 3990 Μ.
198 3939 349 4000 Oljsmellt.
364 3941 448 3988 West.
479 3939 576 3988 Salenm
594 3938 754 3999 teodemiro,
777 3939 877 4000 Demea,
903 3936 1049 3998 Grumum]
1065 3936 1202 3990 Assentior

116 4003 158 4058 iis,
168 4003 214 4066 qni
233 4003 275 4052 hie
293 4017 387 4052 novum
409 4004 500 4053 Seenae
520 4003 620 4053 initium
640 4007 764 4051 statuunt.
798 4003 850 4052 Qui
868 4002 934 4049 enim
946 4001 1076 4064 hueusque
1088 4004 1155 4058 solos
1167 4004 1201 4055 ds

116 4065 197 4116 fratre
210 4068 311 4116 Demea
320 4066 407 4116 fuerat
417 4068 527 4126 loeutus,
537 4081 605 4117 nuno
617 4066 795 4117 advenientem
807 4065 945 4129 alloquitur
962 4065 1049 4114 Minio.
1083 4068 1137 4117 EP.
1148 4068 1202 4117 &l-

114 4144 146 4180 ue
160 4135 188 4179 -le
206 4130 350 4196 mammete,
360 4131 458 4193 Demea,
475 4130 616 4182 (landenam.
632 4130 672 4181 Id.
706 4130 785 4180 Reate
797 4129 861 4180 Dae.
873 4128 954 4180 rerba
969 4131 1199 4195 tsmvomte,'&t.
