2678 4694
491 307 523 353 Ρ.
546 302 730 353 ΤΕΕἘΝΤΙΙ
755 303 844 352 ABR!

422 519 577 586 ACTUS
600 520 644 587 V.
689 519 846 587 scENA
868 521 919 587 11.

402 731 576 780 cumane.
606 731 733 781 auara.
764 714 941 780 ausuras.

119 832 187 898 Cu.
216 831 328 897 Aeun
343 831 568 916 Antiphonem
582 839 735 918 uterque,
750 838 857 899 mater
870 840 904 899 et
918 839 1026 917 pater,

120 933 229 1015 Quasi
244 933 357 1000 dedita
371 953 485 1018 opera,
502 933 596 999 domi
610 941 717 1014 erant,
732 942 772 1000 ut
786 935 877 1001 nullo
891 934 993 1001 modo

120 1035 261 1103 Introire
275 1054 424 1118 possem,
436 1037 517 1118 quin
531 1036 684 1103 viderent
698 1056 764 1101 me.
808 1036 960 1116 Interim,

120 1137 212 1202 Dum
226 1142 301 1202 ante
316 1138 436 1201 ostiam
452 1142 517 1212 sto,
532 1143 630 1201 notus
644 1138 724 1201 mihi
740 1136 880 1220 quidam
897 1138 1031 1202 obviam

120 1237 242 1304 Venit:
257 1237 317 1300 uhi
331 1237 413 1314 vidi,
429 1257 492 1320 ego
507 1257 561 1301 me
575 1238 609 1300 in
624 1237 743 1321 pedes,
759 1244 922 1322 quantam
945 1259 1046 1323 queo,
1202 1229 1226 1302 5

122 1338 164 1403 lu
179 1339 393 1422 angiportum
408 1337 579 1421 quoddam
594 1339 784 1420 desertum:
806 1341 883 1405 indo
898 1341 980 1406 item

120 1440 163 1505 In
177 1438 281 1518 aliud,
297 1439 374 1504 inde
390 1441 423 1503 in
440 1439 548 1505 aliud:
565 1440 616 1506 ita
630 1442 837 1507 miserrimus

122 1542 188 1607 Fui
200 1540 386 1624 fugitando,
406 1561 448 1605 ne
462 1544 538 1625 quis
554 1563 607 1607 me
622 1552 848 1625 cognosceret.

121 1642 191 1708 Sed
205 1650 300 1707 estne
314 1642 388 1706 haec
403 1642 519 1720 Thais,
534 1663 637 1726 quam
652 1645 779 1709 videoi
794 1646 872 1728 ipsa
885 1643 946 1709 ’st:
961 1643 1092 1709 haereo:

58 1812 70 1832 Ι
123 1744 214 1823 Quid
229 1742 376 1809 saciami
393 1744 472 1824 quid
487 1764 563 1808 mea
578 1747 715 1809 antemi
730 1747 813 1832 qaid
827 1744 927 1811 saciet
941 1745 1049 1809 mihii
1182 1746 1227 1809 10

121 1847 193 1910 ΤΗ.
220 1844 416 1909 Adeamus:
443 1845 537 1908 Bone
552 1845 613 1922 vir,
627 1846 729 1924 Dore,
745 1847 852 1912 salve.
898 1847 964 1910 Dic
978 1847 1071 1925 mihi,

122 1946 351 2030 Aufugistin'i
397 1946 464 2011 ea.
492 1947 596 2025 Hera,
611 1948 746 2013 iactum.
789 1949 861 2013 ΤΗ.
889 1948 995 2012 Satin’
1015 1948 1050 2011 id
1073 1949 1134 2013 tihi
1150 1950 1227 2031 pla·

252 2049 334 2113 ceti

124 2149 190 2214 Cu.
206 2148 296 2216 Non.
339 2151 410 2214 Tu.
428 2148 559 2215 Credin’
570 2158 603 2213 te
614 2149 752 2232 impune
765 2151 982 2216 habiturumt
1028 2151 1096 2216 Cu.
1112 2150 1226 2216 Unam

252 2251 338 2316 hanc
351 2252 491 2316 noxiam

157 2393 210 2443 Cn.
227 2392 257 2441 Ia
267 2393 357 2443 adibas
367 2392 518 2456 Antiphaais,
529 2397 553 2441 et
561 2397 665 2456 pateret
675 2397 750 2442 mater
760 2392 811 2452 <im
821 2392 889 2455 quasi
898 2391 1001 2440 consulto
1009 2398 1138 2454 presentes
1147 2399 1227 2456 aaut,

123 2472 174 2507 cam
185 2457 426 2519 ingesserimus,
440 2457 477 2505 ita
495 2463 521 2505 ut
535 2458 598 2506 aulis
617 2459 682 2506 modo
701 2459 801 2506 introire
809 2471 909 2519 possem,
919 2457 976 2519 qaia
988 2472 1023 2505 me
1033 2457 1148 2508 oideaeat.
1182 2459 1226 2507 Ia·

123 2517 198 2582 terea,
209 2523 264 2571 dum
280 2527 335 2571 aute
349 2522 417 2582 fores
433 2526 480 2582 sto,
490 2525 560 2570 aetus
570 2521 666 2584 quidam
676 2521 885 2570 muscetanum
895 2521 943 2570 oia.
976 2520 1092 2580 Simulus
1102 2521 1228 2583 uictimae

142 2592 145 2597 '
170 2585 197 2634 ia
206 2587 276 2648 pedes
286 2585 375 2646 conjeci
384 2601 454 2648 qaam
464 2586 577 2634 eithsirm
588 2587 614 2634 ia
623 2587 775 2647 angiportum
785 2586 900 2648 quoddam
916 2585 1068 2642 solitariam:
1084 2585 1141 2636 iude
1152 2588 1228 2634 etiam

159 2651 236 2712 atiud,
246 2651 301 2699 iude
311 2651 336 2698 ia
346 2651 421 2701 atiud.
453 2649 495 2698 Ita
500 2649 632 2712 fugitando
649 2651 796 2699 miserrimus
806 2649 858 2711 sai,
877 2654 982 2699 metueras
992 2664 1022 2698 ae
1032 2649 1084 2712 quis
1094 2665 1132 2698 me
1141 2665 1230 2712 agaae·

123 2718 196 2763 seret.
228 2713 276 2763 Sed
293 2720 358 2763 estse
376 2715 427 2763 iaec
449 2713 786 2777 Thais‚quamoideoi1psa
805 2719 849 2762 est.
881 2714 991 2763 amasus
1008 2728 1061 2761 sum
1077 2715 1153 2764 animi
1169 2715 1228 2776 quid

123 2782 212 2840 agam?
231 2778 317 2829 Verum
327 2780 383 2842 quid
394 2779 544 2838 meerfferti
561 2779 626 2835 Quid
638 2779 716 2838 faciet
734 2778 811 2828 miii?
843 2778 895 2826 Tu.
914 2779 1004 2826 Eamus
1019 2780 1051 2827 ad
1061 2793 1122 2826 eum.
1156 2779 1228 2827 Boae'

123 2843 248 2906 urnas,
258 2846 329 2894 saise.
362 2844 412 2894 Dic
427 2844 496 2907 aaut,
508 2843 630 2906 sagistiae
647 2845 730 2891 domo?
762 2845 815 2893 Cri,
832 2842 911 2904 Hera,
921 2841 1012 2902 idseei.
1045 2844 1100 2891 ΤΗ.
1119 2842 1227 2891 Hoceiae

118 2906 205 2966 secisse
223 2908 268 2958 titi
275 2909 405 2970 iucundum
423 2913 475 2957 esti
510 2909 564 2957 Cu.
580 2908 691 2956 Minime.
724 2907 776 2957 Tu.
794 2907 909 2957 erasme
925 2907 967 2956 ios
985 2907 1228 2970 impsueetiauitum

585 3048 765 3070 “nemun

158 3148 288 3197 lPateret
298 3152 375 3196 mater
385 3145 474 3198 euers.
485 3151 509 3197 1.
521 3152 545 3199 3.
555 3148 651 3198 Br.-5
662 3149 739 3200 Qraod
751 3156 792 3198 est
803 3147 912 3198 inlibris
924 3147 1089 3211 quibusdam,
1099 3155 1192 3210 egomet
1200 3151 1226 3199 ia

123 3215 205 3279 pedes,
226 3211 308 3275 possit
327 3212 410 3260 videri
428 3219 514 3261 natam
534 3228 567 3262 ex
588 3214 695 3278 antiqua
711 3215 848 3277 scriptura,
868 3227 912 3275 ego
928 3214 981 3261 med
996 3213 1023 3261 ia
1036 3215 1116 3275 pedes.
1143 3216 1226 3265 West.

127 3279 229 3340 Egomet
238 3277 343 3340 iapudes
360 3276 393 3326 G.
405 3277 461 3326 ET.
473 3278 535 3327 EM.
555 3279 594 3327 1a.
605 3277 632 3328 ia
641 3277 707 3328 Add.
726 3278 824 3327 Omnes
838 3278 936 3340 antiqui
948 3276 1006 3325 iibri
1022 3284 1132 3337 egomet:
1149 3279 1226 3342 cnjus

126 3343 199 3393 vocis
210 3347 354 3390 extremam
367 3341 467 3390 literam
477 3342 583 3404 conjicit
596 3342 699 3406 Lolgius
710 3357 767 3392 esse
780 3342 878 3391 dehere
892 3343 917 3402 d,
935 3347 963 3390 et
980 3341 1117 3403 legendum
1129 3345 1227 3403 agoraea

126 3407 240 3469 iapedes.
257 3405 306 3454 Fa.
339 3404 542 3470 Nostri-qaoque
555 3421 643 3455 omues
654 3412 760 3468 egomet:
777 3407 869 3455 vitiose
882 3419 980 3468 proego
990 3420 1036 3453 sae.
1056 3405 1226 3456 Remittinrus

126 3471 194 3520 enirn
204 3469 294 3530 Lolgio
306 3467 454 3517 Plautinam
465 3485 535 3518 suam
546 3479 572 3519 et
581 3471 683 3534 apicem
692 3472 829 3520 lectionem
839 3470 950 3531 agamii,
961 3471 1015 3517 med
1022 3482 1071 3531 pro
1081 3485 1126 3519 me.
1146 3471 1226 3520 Beni.

127 3535 235 3597 Egomed
252 3533 282 3582 Z.
317 3534 418 3593 Egomet
440 3534 587 3597 l)eiph.—6
605 3537 726 3590 Quendam
742 3536 768 3586 J.
789 3543 816 3584 et
828 3535 943 3582 Venetus
961 3533 1019 3581 cod.
1031 3533 1148 3583 Peri-i
1166 3536 1227 3584 Iade

127 3600 272 3649 miserrimae
289 3597 355 3658 Fugi
371 3597 503 3675 fugitando
521 3598 554 3647 G.
575 3599 701 3690 ψει-Ε
718 3600 784 3675 Fugi
804 3606 832 3647 et
852 3595 940 3673 Gueif.
959 3601 1035 3645 a.—9
1062 3597 1171 3662 Horrea]
1197 3600 1225 3650 J.

125 3662 494 3788 :aurifrisiatam
505 3664 706 3776 :attrahit
716 3661 1118 3789 ir:·1.:².:::::::::air:¹:
1126 3663 1226 3789 iiiii

128 3799 157 3840 et
168 3790 232 3838 nihil
247 3791 332 3838 sensui
349 3789 463 3851 deperit.
481 3791 527 3839 Fa.
562 3792 617 3840 Nec
635 3792 661 3839 in
675 3793 770 3842 nostris
787 3791 916 3854 reperitur
925 3789 974 3839 Aa.
991 3789 1137 3838 Bene-12
1154 3791 1226 3842 Quid

127 3855 171 3904 hic
182 3861 282 3918 quaerat
300 3854 338 3902 vir
353 3853 455 3915 doctus,
474 3854 517 3902 cui
533 3857 632 3904 numeri
655 3855 780 3905 sanissimi
801 3853 994 3916 suavissimique
1011 3853 1053 3902 hic
1073 3853 1226 3916 displicent,

128 3919 226 3968 nescio.
260 3917 322 3980 Ejus
346 3931 407 3966 aero
428 3919 617 3968 correctionem
639 3921 693 3969 scio
714 3919 809 3969 nemini
831 3918 993 3981 placituram,
1010 3918 1062 3968 Cu.
1078 3918 1156 3967 Hera.
1172 3921 1226 3969 Tu.

128 3981 287 4044 satagistis?
304 3981 357 4030 Cu.
374 3982 483 4032 Factum.
500 3982 579 4032 Bent.
615 3984 726 4047 Factam]
742 3984 768 4034 J.
777 3991 804 4031 et
813 3983 929 4032 Venetus
941 3982 1000 4030 cod.
1010 3986 1055 4030 est.
1072 3983 1144 4031 Peri.
1167 3985 1226 4032 Pia-

128 4047 177 4109 set]
193 4045 221 4095 J.
231 4045 334 4094 videtum
350 4045 390 4095 Id.
423 4047 584 4097 correctioni
596 4048 728 4097 Francisci
742 4047 814 4096 Hare
825 4061 852 4095 se
861 4048 970 4110 opponit
982 4051 1010 4094 et
1019 4046 1226 4098 Westerhovius.

127 4113 193 4162 -1a
210 4109 260 4160 Ms.
271 4109 344 4174 Lips.
355 4116 382 4159 et
390 4111 446 4159 ΕΡ.
456 4110 591 4162 murum:
602 4113 731 4176 quomodo
742 4111 825 4161 edidit
835 4110 912 4175 Stet
923 4125 956 4161 ex
967 4109 1066 4162 duobus
1080 4111 1146 4164 Pali.
1159 4113 1224 4162 citat
