2678 4694
184 312 271 376 1030
562 323 593 369 r.
616 321 799 370 rsnsuru
824 315 938 369 arur·
1011 354 1016 363 .

186 471 307 536 Pnor.
332 467 454 549 ltaque
471 464 589 529 advos
604 463 705 526 renio
721 463 919 540 nuntiatum,
936 461 1120 544 Demipho,

187 571 347 634 Paratum
361 587 414 630 me
429 585 525 629 esse:
548 566 607 629 ubi
622 564 734 642 voltis,
751 583 892 627 uxorem
907 562 1010 642 date3

187 671 278 737 Num
295 688 411 732 omnes
426 667 607 750 posthabui
623 666 703 730 mihi
718 685 781 742 res,
798 665 906 729 itauti
920 663 1073 748 parsuit,
1251 663 1288 728 15

187 774 387 852 Postquam,
402 774 574 852 tantopere
589 767 624 831 id
640 787 702 832 vos
720 768 814 844 velle,
828 765 1144 830 animadverteram.
1180 818 1185 825 .
1278 818 1281 823 4

188 873 257 938 Dn.
280 870 327 934 At
343 871 398 934 hic
414 857 605 934 dehortatus
621 876 675 933 est
690 889 754 948 me,
769 887 811 931 ne
825 868 917 931 illam
927 867 993 930 tibi
1009 865 1128 929 darem
1142 888 1152 946 ;

188 973 279 1038 Nam
294 973 350 1055 qui
367 973 429 1034 erit
443 988 553 1035 rumor
567 969 698 1052 populi,
712 970 828 1052 iuquit,
844 970 874 1032 si
890 967 925 1030 id
939 965 1091 1030 secerist

189 1073 279 1138 Olim
295 1073 524 1137 cumhoneste
540 1071 662 1153 potuit,
679 1077 750 1134 tum
763 1089 827 1134 non
843 1076 895 1134 est
909 1068 1007 1134 data:

189 1173 291 1238 Nunc
307 1173 444 1236 viduam
460 1171 603 1247 extrudi,
619 1180 718 1254 turpe
730 1171 791 1236 ἐὶς
813 1171 915 1235 ferme
930 1168 1055 1236 eadem
1071 1171 1203 1248 omnia,
1250 1171 1287 1236 20

188 1273 279 1354 Quae
296 1279 366 1338 tute
381 1273 507 1337 dudum
522 1291 637 1336 coram
651 1292 703 1335 me
718 1272 948 1336 incusaverus.

190 1374 311 1439 Prion.
334 1374 424 1437 Setis
453 1374 593 1456 superbe
623 1373 766 1438 illuditis
790 1391 856 1436 me.
917 1371 987 1436 ΠΕ.
1009 1369 1110 1449 Quil
1177 1373 1288 1440 Puou.

320 1474 461 1556 Rogasi

191 1658 222 1706 ad
233 1671 273 1706 uas
283 1656 351 1706 nenio
361 1657 506 1717 nuntiatum,
517 1655 643 1720 Demipho,
650 1671 686 1708 ure
692 1665 801 1722 pauntiau
812 1658 899 1708 rasead
909 1658 975 1707 illurn
985 1657 1162 1720 accipiendam.
1196 1657 1224 1706 st
1234 1657 1290 1706 naha

190 1722 293 1781 uidetur,
304 1735 355 1768 eam
363 1722 422 1770 miti
429 1735 525 1770 uxorem
533 1723 621 1771 tradite
627 1738 635 1771 τ
642 1738 696 1771 narn
707 1724 762 1772 huie
772 1724 808 1772 rei
818 1738 895 1772 amus
903 1736 1011 1771 resumas
1018 1724 1160 1784 postposui,
1166 1727 1190 1770 et
1197 1721 1291 1783 negleai,

189 1785 228 1832 ati
235 1785 435 1845 conuenienssur't,
443 1790 565 1848 postquam
574 1791 622 1834 tum
628 1787 773 1836 uehementer
780 1788 806 1835 id
817 1799 944 1854 nuncupere
952 1786 1075 1848 perspexi.
1101 1787 1159 1834 Dm.
1168 1785 1206 1835 Ar
1216 1786 1290 1834 exinde

190 1847 229 1896 hie
243 1849 353 1896 Clrernes
366 1849 449 1906 frater
465 1864 529 1896 meas
544 1849 655 1897 duruerit
672 1851 739 1905 milri.
756 1867 784 1899 ue
800 1852 864 1898 illum
880 1850 925 1898 tibi
940 1851 1039 1898 darem:
1057 1864 1116 1897 num
1128 1851 1173 1912 qui
1186 1863 1290 1897 umores

192 1911 375 1971 oulgiserentur
392 1925 435 1973 per
452 1912 538 1971 urhun,
556 1912 641 1973 iuquit,
651 1913 672 1958 ai
684 1915 710 1960 id
716 1915 822 1972 seceris?
839 1915 894 1963 olim
904 1928 955 1961 cnm
966 1913 1064 1961 hamme
1074 1913 1150 1974 virgo
1159 1913 1237 1976 potnit
1246 1911 1291 1960 duri

190 1970 217 2021 iu
228 1989 334 2031 uxorem,
344 1989 389 2022 nau
398 1976 454 2022 data
460 1974 527 2032 fuit:
544 1988 605 2021 naue
614 1981 736 2037 postquam
752 1978 831 2040 nupsit
840 1978 895 2041 filia
905 1981 946 2025 rao
959 1977 1105 2038 Antiphoni,
1117 1992 1173 2026 eunt
1181 1978 1289 2040 priuatus

190 2051 232 2084 ruo
242 2037 301 2093 niro,
313 2044 339 2085 ut
353 2039 447 2086 uiduam
457 2038 511 2097 ejici
526 2039 624 2088 inuitam
636 2046 703 2102 turpe
714 2045 757 2089 est.
790 2041 899 2104 Denique
912 2054 971 2103 pene
987 2040 1070 2088 anania
1087 2055 1128 2089 rue
1138 2041 1288 2102 mannhun

191 2107 243 2150 tute
252 2103 395 2164 jampridem
413 2118 490 2150 caram
501 2117 538 2152 me
554 2109 671 2164 presente
680 2107 844 2166 redargueres.
876 2106 931 2154 ΡΒ.
948 2103 1048 2152 meane
1057 2110 1289 2164 arroganteruorne

192 2166 337 2228 tuditantia?
370 2167 422 2216 Da.
441 2167 494 2221 Quo
513 2165 600 2217 nudo?
633 2169 688 2219 Pru.
705 2169 852 2225 Quarttisue
870 2168 952 2218 istadt
967 2168 1025 2230 puin
1042 2183 1075 2217 ue
1089 2171 1197 2218 alterans
1210 2167 1289 2232 quiden

649 2310 830 2335 ”humeto

194 2414 262 2469 sunt,
274 2407 360 2471 quide
371 2407 478 2458 Phanio.
510 2408 647 2457 Posterius
665 2410 746 2471 magis
761 2411 861 2473 piacet.
880 2408 958 2460 West.
997 2407 1064 2460 Sine
1075 2424 1114 2474 ea,
1128 2416 1158 2460 et
1174 2416 1289 2474 praterea

192 2473 300 2521 mutaris
313 2472 439 2534 personis,
450 2472 519 2519 hrrne
531 2487 630 2536 versum
642 2474 758 2522 eontinet
769 2475 842 2523 Beru.
854 2474 878 2521 in
897 2474 966 2522 huue
977 2473 1085 2523 modum
1097 2491 1105 2523 ε
1130 2477 1169 2524 D.
1183 2475 1291 2525 Batmitr

193 2541 219 2583 ut
235 2536 289 2583 dixi
299 2533 424 2584 liberalis?
441 2536 494 2585 Cn.
504 2538 596 2598 oppido.
628 2537 707 2586 Forte
720 2544 762 2586 est
772 2538 853 2586 ironia
867 2552 956 2586 senuru
976 2537 1003 2584 iu
1023 2538 1221 2589 Phormionem.
1240 2551 1289 2587 eun

193 2600 344 2661 pronomine
361 2614 424 2647 vero
442 2614 480 2660 ea,
496 2597 581 2648 fateor
591 2614 632 2648 me
643 2601 712 2649 hune
731 2602 814 2650 locum
832 2615 882 2649 nou
902 2600 1130 2662 intelligeretur.
1165 2603 1290 2653 DmErtsr

193 2664 228 2711 ita
240 2667 267 2710 at
277 2663 331 2711 dlxi
342 2663 462 2711 liberalia?
487 2664 539 2712 Cra.
549 2664 641 2726 oppido.
683 2665 727 2714 Sic
738 2665 812 2713 dedit
824 2664 957 2723 Falernum
975 2664 1031 2726 qui,
1044 2664 1067 2712 si
1084 2680 1115 2715 ea
1134 2666 1178 2716 hie
1192 2669 1290 2728 legatur,

192 2725 293 2774 fatetur
303 2741 331 2774 se
342 2727 409 2774 huuc
421 2727 504 2774 locum
515 2742 565 2774 nou
574 2729 731 2790 intelligere.
765 2728 891 2776 Nimirum
899 2727 1029 2775 Bembino
1038 2729 1172 2778 serviliter
1184 2730 1289 2780 addictus

194 2804 317 2851 personas
329 2804 408 2852 prave
420 2788 555 2849 distinxit3
579 2805 638 2852 quae
656 2793 693 2838 sie
704 2806 737 2838 er
748 2791 865 2838 omuibus
876 2790 933 2838 aliis
943 2789 1017 2838 libris
1033 2798 1098 2840 sunt
1116 2793 1276 2856 disponenda
1281 2811 1287 2851 ;

194 2861 221 2901 et
232 2853 325 2902 leviter
335 2852 523 2902 emendandum
534 2860 591 2902 est:
611 2853 665 2903 Cn.
676 2855 751 2902 Estne
759 2854 795 2902 ita
803 2855 839 2902 nti
848 2854 902 2902 dini
913 2853 1034 2902 liberulis?
1052 2855 1104 2904 Dn.
1117 2859 1210 2920 oppida.
1222 2857 1290 2904 Bent.

194 2916 262 2965 Mire
274 2932 301 2966 se
314 2924 436 2980 torquent
447 2916 488 2965 hic
499 2917 667 2979 interpretes,
677 2924 882 2981 pervertuntque
894 2917 943 2966 luci
954 2931 1060 2966 sensum
1080 2927 1110 2968 et
1130 2918 1289 2983 pulchritudi-

194 2996 263 3029 nem.
298 2980 350 3029 Alii
361 2982 428 3029 euim
440 2980 534 3029 omisso
545 2981 588 3030 illo
600 2995 637 3043 ea,
648 2981 796 3044 intelligunt
806 2981 910 3030 liberalis
929 2981 962 3028 de
981 2981 1159 3032 Phormione.
1191 2983 1252 3033 Mihi
1261 2981 1289 3030 oh

194 3045 278 3108 ipsum
290 3045 471 3093 Phormionem
482 3045 527 3092 illa
538 3044 619 3100 verba
630 3043 701 3094 dicta
712 3060 769 3096 esse
777 3044 945 3106 videntur,ut
956 3045 1055 3094 homiui
1068 3048 1206 3108 probabile
1215 3044 1290 3096 efflue·

194 3117 276 3170 retur,
298 3111 365 3172 quod
378 3123 437 3156 mox
449 3109 578 3172 Demipho
590 3109 708 3158 dicturus
718 3116 769 3171 est,
786 3114 812 3158 at
831 3110 869 3157 hic
886 3109 1024 3157 dehortatus
1035 3115 1072 3158 eat
1083 3127 1132 3168 rue,
1142 3114 1184 3172 dfe.
1213 3110 1290 3174 Igitur

195 3186 285 3220 sensus
297 3180 347 3232 est,
359 3187 444 3220 noune
456 3177 484 3221 tu
496 3173 607 3236 puellam
626 3173 769 3235 liberalem,
781 3172 820 3222 uti
832 3172 881 3221 tibi
892 3177 1016 3234 expertus
1028 3173 1085 3236 ipse
1098 3175 1165 3238 dixi,
1174 3173 1291 3238 reperisti,

196 3235 313 3296 adeoque
326 3236 429 3298 diguam
440 3235 494 3284 tilio
506 3236 569 3285 tuat
593 3236 639 3284 Sin
658 3251 722 3286 vero
738 3251 797 3285 cum
809 3236 943 3292 Bembina,
955 3238 1076 3299 personis
1087 3240 1207 3295 mutatis,
1219 3251 1290 3302 ques·

194 3297 290 3344 tionem
303 3298 484 3360 Demiphonis‚
495 3306 523 3347 et
535 3298 724 3361 responsionem
734 3300 878 3349 Chremetis
887 3313 943 3348 esse
955 3305 1076 3361 statuas;
1095 3316 1188 3352 sensns
1198 3295 1291 3366 quidem

195 3360 264 3408 idem
275 3358 394 3415 efficitur,
405 3360 450 3407 sed
482 3374 510 3410 ro
520 3361 575 3409 diui
585 3362 637 3423 legi
649 3362 729 3411 debet
739 3363 811 3413 dixti.
826 3365 906 3414 Zeuu.
939 3364 1094 3413 Phormioni
1107 3382 1188 3416 voces
1199 3368 1291 3415 Estne...

194 3424 299 3474 liberalis
311 3424 402 3473 tribuit
412 3425 452 3472 Bo
484 3428 555 3475 .-13
566 3425 644 3474 Multi
654 3427 715 3476 libri
728 3428 829 3491 scripti,
837 3433 865 3477 et
875 3429 901 3476 in
912 3427 1001 3477 hisVi.
1012 3430 1167 3493 pretioque,
1177 3431 1290 3494 idqaehn·

195 3489 275 3538 bent:
301 3489 453 3550 Bembinus,
462 3489 532 3552 idque
541 3490 609 3540 adea.
625 3505 676 3566 quo
688 3492 766 3540 etiam
776 3493 853 3540 ruodo
865 3497 948 3541 staret
959 3505 1061 3553 versus,
1074 3493 1207 3545 attributa
1218 3495 1291 3559 prima

196 3555 252 3616 ejus
264 3553 362 3616 syllaba
375 3554 460 3602 versui
479 3556 650 3614 precedenti.
676 3557 722 3604 Fu.
763 3555 821 3604 Duo
833 3569 866 3603 ex
878 3555 982 3616 nostris,
992 3555 1084 3618 idque:
1103 3574 1195 3609 ornnes
1210 3561 1292 3608 maor.

196 3619 316 3681 Repoue,
327 3618 401 3680 quue
411 3619 468 3666 adea
478 3619 585 3666 adventa.
603 3619 680 3668 Bent.
699 3633 774 3683 quem
784 3620 997 3731 seqpprnturBip.
1011 3620 1093 3670 Both.
1112 3623 1187 3673 Peri.
1217 3623 1292 3672 Haud

195 3698 237 3730 uos
254 3683 365 3730 Bn-m
383 3684 458 3729 Bona
469 3682 532 3730 Mss.
545 3696 602 3745 pars
620 3682 744 3731 omittunt
763 3697 808 3730 me.
858 3688 905 3733 est.
921 3690 948 3731 et
966 3683 1005 3730 sie
1023 3684 1072 3732 Br.
1095 3685 1188 3738 Guelf.
1210 3689 1291 3735 3.-16

196 3747 261 3795 Mss.
274 3745 384 3807 plusculi
394 3749 461 3793 tauta
471 3759 546 3806 apere.
557 3746 639 3794 West.
661 3746 707 3795 Vas
716 3747 920 3796 id...adearteram
928 3746 1007 3795 Both.
1023 3749 1230 3801 adnotaramBr.
1238 3749 1291 3799 net

196 3811 301 3858 animam
310 3812 457 3858 adverteram
469 3807 556 3858 Guelf.
566 3814 655 3858 2.-19
671 3811 772 3859 Poterat
783 3809 872 3860 Guelf.
882 3814 973 3859 2.-20
982 3811 1127 3863 Quomodo
1135 3817 1290 3878 viduamque

197 3874 252 3921 siue
263 3877 317 3922 viro
329 3887 477 3922 remansura
488 3887 539 3920 non
548 3880 605 3922 erat
615 3875 624 3920 i
640 3888 672 3921 au
684 3873 753 3922 forte
762 3876 858 3923 uiduam
866 3873 1047 3935 exponendum
1059 3885 1112 3938 est,
1123 3894 1140 3927 a
1152 3881 1236 3942 priore
1244 3878 1290 3925 viro

197 3938 359 3997 separatam?
376 3938 402 3985 in
414 3951 444 3985 eo
456 3938 522 3985 libro
533 3937 710 4000 antiquissimo
722 3938 777 3987 sine
790 3953 821 3986 ea
832 3939 946 3986 dictione
957 3939 1064 4001 uiduam,
1075 3939 1104 3988 in
1115 3943 1185 3992 huuc
1199 3941 1291 3990 modum

196 4000 303 4061 legitur,
318 4003 376 4050 Eam
387 4001 553 4050 nuurextradi
570 4000 680 4064 tarpe'st.
705 4001 750 4050 Fa.
791 4003 827 4050 Et
845 4002 906 4050 hinc
925 4002 991 4050 scies
1009 4002 1129 4054 indolem
1150 4003 1292 4056 comestoris

197 4064 328 4112 Bembini.
361 4065 452 4113 Nostri
465 4078 553 4113 omues
569 4065 754 4113 Naucuiduam.
792 4064 883 4114 Viduas
901 4065 949 4113 hoe
968 4078 1045 4113 sensu
1059 4080 1114 4116 non
1135 4070 1214 4119 semel
1230 4065 1292 4131 apud

198 4128 321 4178 Plautum
334 4134 382 4176 est.
400 4130 538 4181 Brut-22
555 4126 643 4193 Aliqui
658 4127 730 4194 libri,
745 4135 772 4178 et
789 4128 857 4178 iniis
869 4127 1113 4193 Bemnffirmative
1125 4133 1293 4185 hebentsatir.
