2678 4694
204 314 269 409 tlld
580 330 612 377 e.
633 328 814 379 suasuris
838 329 928 378 asos

204 480 305 546 Nunc
320 478 350 542 si
365 479 440 562 quis
454 480 518 555 est,
535 477 594 560 qui
608 475 672 539 hoc
688 474 789 551 dicat,
805 479 865 538 eut
879 475 930 539 sic
943 474 1090 558 cogitet;

129 604 133 612 ·
200 580 312 646 Vetus
327 579 356 644 si
371 577 475 662 podta
488 597 557 643 non
570 576 768 642 lacessisset
782 576 886 658 prior,

203 682 344 748 Nullum
359 682 505 746 invenire
519 681 691 765 prologum
707 679 872 762 potuisset
885 696 1007 755 novus,
1255 678 1289 744 15

202 782 315 869 Quem
329 784 465 861 diceret,
478 784 542 846 nisi
555 783 701 859 heberet,
715 782 771 846 cui
785 779 1027 845 malediceret?

203 885 241 951 ls
255 886 320 949 sibi
333 905 528 970 responsum
538 885 603 949 hoc
618 885 760 964 habeat3
781 883 815 947 in
829 882 938 946 medio
953 881 1110 946 omnibus

202 988 356 1053 Palmam
371 1007 445 1051 esse
459 988 614 1070 positam,
629 988 685 1071 qui
701 992 805 1051 artem
820 989 964 1050 tractant
977 983 1156 1048 musicam.

201 1089 266 1155 Ille
281 1088 324 1152 ad
337 1089 458 1152 semem
471 1088 557 1153 hunc
573 1091 615 1152 ab
631 1087 744 1151 studio
759 1087 886 1152 studuit
900 1085 1058 1169 rejicere:

203 1188 275 1255 Hic
288 1187 489 1273 respondere
503 1190 619 1266 voluit,
635 1209 701 1251 non
715 1189 894 1253 lacessere.

204 1289 398 1357 Benedictis
413 1290 442 1353 si
451 1294 622 1367 certasset,
638 1289 787 1354 audisset
800 1290 897 1353 bene.

204 1392 306 1474 Quod
321 1393 364 1457 ab
378 1391 454 1477 ipso
470 1391 606 1457 allatum
620 1398 685 1470 est,
708 1391 744 1455 id
758 1390 823 1456 sibi
838 1409 912 1454 esse
926 1387 1084 1454 rellatum
1097 1395 1204 1472 putet.

203 1573 226 1620 si
236 1573 288 1634 quis
298 1578 343 1634 est,
353 1572 394 1636 qui
404 1573 446 1620 hoc
456 1572 530 1633 dicut,
541 1577 583 1621 ass
590 1575 682 1621 certmst
692 1587 702 1629 ,·
718 1572 739 1620 ss‘
749 1576 814 1620 octus
825 1571 897 1621 Po'e‘ta
906 1572 974 1633 prior
984 1587 1072 1621 morsm
1080 1572 1180 1623 mistim
1186 1581 1295 1636 prouocet·

202 1641 256 1694 estc
271 1652 343 1687 accus
365 1638 452 1686 nullutn
472 1637 596 1686 materiata
615 1635 734 1684 scribendo
749 1636 853 1696 Prologo
871 1637 1005 1699 reperisset,
1026 1653 1056 1685 uc
1074 1638 1122 1684 nisi
1145 1633 1296 1686 monades

202 1700 307 1763 Mteset,
318 1716 385 1765 gaesa
393 1701 503 1750 ιοηυίείίε
512 1702 680 1750 insectareturc
696 1701 737 1749 ille
747 1701 789 1748 hoc
798 1716 931 1764 responsura
940 1700 1038 1760 reseret,
1046 1715 1197 1750 censssaera
1204 1697 1296 1749 smiles

202 1766 305 1826 palm
318 1765 462 1828 propositum
472 1779 520 1813 esse
530 1764 571 1826 iis,
588 1764 628 1827 φά
638 1763 750 1813 Podta'cea
759 1764 910 1829 profiteatur.
943 1765 988 1814 lue
998 1764 1119 1814 Lasias'su
1133 1764 1265 1816 Terests'sn
1273 1759 1297 1807 fil

203 1829 265 1876 artis
274 1844 323 1878 Μ
333 1830 445 1878 exercitio
456 1829 591 1877 abstrudere
601 1829 694 1888 ingesti
702 1829 779 1877 stadio
790 1829 891 1891 caruerit,
907 1835 934 1877 st
953 1831 1048 1878 eumad
1059 1834 1196 1881 extrem
1206 1827 1297 1891 monim

204 1891 324 1951 etfamem
330 1894 446 1951 miseret.
480 1892 531 1940 Hic
543 1893 666 1941 Terentius
675 1892 736 1940 sutis
746 1891 836 1954 taonis,
846 1894 868 1942 ιι·
878 1893 915 1942 illi
924 1895 1089 1956 responderet,
1098 1909 1151 1946 soa
1159 1911 1213 1945 essa
1222 1904 1297 1953 scart-

204 1956 307 2006 deretur.
339 1956 368 2006 Si
381 1957 421 2005 ille
437 1956 544 2004 lamonia
560 1955 637 2005 sertis
656 1961 777 2016 amasset,
793 1972 846 2006 cam
861 1957 1044 2016 tonoresus'sset
1061 1959 1206 2022 appareo.
1237 1958 1298 2006 Nssc

204 2023 266 2083 qaod
280 2021 374 2085 attulit,
382 2020 429 2071 siti
439 2023 540 2070 relatum
553 2035 602 2070 esse
619 2033 683 2082 agre
696 2034 726 2068 ae
736 2018 815 2080 serat.
847 2022 905 2071 Jum
921 2023 951 2072 de
967 2023 1087 2085 tuoqem
1101 2024 1227 2082 desirsm
1244 2021 1298 2073 liert,

659 2161 842 2185 mm‘n‘

205 2267 247 2311 set
258 2260 375 2311 fabulas!
384 2262 456 2311 Beat.
478 2261 591 2311 Deleod.
603 2269 712 2312 censent
722 2262 793 2311 Perl.
806 2263 866 2325 Bip.
884 2261 959 2311 abest
970 2275 985 2311 a
996 2262 1130 2328 plerisque
1141 2263 1218 2314 codd
1235 2262 1300 2314 Liud.

206 2324 326 2375 defendit
345 2326 486 2374 Botis-lo
504 2327 600 2375 Versus
617 2328 703 2388 gratia
715 2327 854 2390 repooeud.
867 2334 955 2376 monet
971 2327 1051 2375 Beot.
1067 2335 1160 2390 posset.
1194 2329 1299 2379 ltsdaut

205 2390 283 2439 Both.
295 2390 430 2438 Peri-16
447 2390 580 2451 Expungit
592 2390 778 2441 hunc-versum
789 2391 858 2455 Guy.
870 2391 967 2454 optime
978 2398 1067 2440 autem
1084 2401 1210 2444 constare
1221 2405 1300 2442 sensus

206 2455 320 2515 videtur,
330 2455 351 2501 sl
363 2454 400 2502 ite
417 2452 535 2502 ordines:
554 2453 651 2502 ‘Nunc
668 2455 690 2501 si
707 2455 764 2518 quis
782 2463 833 2516 est,
845 2456 887 2517 qui
905 2455 953 2505 hoc
972 2456 1062 2505 dicat:
1080 2457 1170 2507 Vetus
1188 2457 1269 2508 Poeta
1283 2455 1301 2504 si

206 2532 258 2567 non
274 2517 421 2567 lacessisset
432 2519 511 2581 prior,
524 2516 629 2565 Nullum
649 2517 765 2567 iuvenire
784 2520 922 2581 Protogum
940 2519 1068 2581 potuisset
1089 2536 1195 2582 novus3
1212 2528 1255 2574 snt
1270 2521 1300 2569 sic

207 2582 319 2646 cogitet:
337 2582 420 2633 Quem
437 2579 602 2646 (Prologum)
620 2581 729 2646 diceret,
739 2583 788 2632 nisi
809 2582 925 2645 haberet,
936 2584 978 2632 cui
998 2584 1203 2637 malediceret?
1234 2585 1300 2637 Unde

206 2654 235 2696 et
247 2647 423 2708 interrogandi
435 2654 521 2695 notam
533 2645 656 2708 apposui;
673 2654 763 2696 contra
779 2655 857 2710 atque
869 2649 945 2709 vulgo
955 2647 1094 2698 tiu-West.
1131 2651 1214 2702 Hunc
1224 2665 1260 2702 ss.
1269 2649 1300 2698 sic

207 2712 330 2774 legitBr.
357 2712 433 2766 Quem
442 2711 544 2759 diceret:
560 2709 636 2758 issibi
646 2724 779 2773 responsum
788 2713 830 2760 lroc
838 2713 936 2760 tutent:
954 2712 979 2760 ia
987 2713 1063 2760 medio
1073 2716 1194 2765 omnibus.
1227 2715 1301 2765 Nolst

208 2780 294 2824 tamen
315 2776 416 2823 Bruns:
439 2776 447 2802 ‘
459 2774 529 2823 Edit.
541 2774 600 2823 add.
617 2774 666 2822 aiei
682 2775 775 2824 luderet
787 2776 826 2825 cui
835 2776 990 2825 osutedicsret.
1023 2776 1117 2826 Verba
1129 2779 1189 2830 haec
1200 2793 1299 2845 sequen·

208 2840 278 2888 tibus
298 2844 420 2904 tanquam
439 2840 524 2901 glossa
543 2839 723 2901 superscripta
740 2839 819 2889 sunt!
849 2841 944 2903 ‘Vulg
968 2842 1044 2896 Quem
1063 2842 1169 2902 dicent,
1185 2845 1233 2894 ru'sa'
1246 2845 1269 2893 t.
1282 2858 1299 2890 c.

207 2904 364 2953 malediceret.
406 2904 583 2966 ‘Prologum,
608 2916 683 2966 quem
704 2903 821 2959 diceret‚’
846 2904 891 2952 Dii
922 2905 991 2966 boni,
1021 2920 1100 2968 quam
1123 2908 1184 2959 haec
1205 2909 1301 2974 pinguia

208 2977 278 3029 sunt,
289 2983 365 3033 quam
377 2967 553 3032 inelegantia'
580 2968 669 3015 Visum
680 2967 707 3015 id
719 2969 824 3031 Guyeto
837 2983 945 3032 ursoque,
956 2969 1047 3018 critico
1059 2985 1112 3020 uon
1126 2973 1212 3023 minus
1222 2970 1300 3037 sagaci

209 3047 285 3097 quam
296 3033 396 3093 audaci,
408 3035 451 3097 qui
463 3033 617 3081 versiculum
634 3032 701 3080 huuc
717 3032 831 3089 delebat,
843 3034 916 3082 nimis
928 3034 953 3082 id
965 3033 1072 3099 quidem
1092 3038 1196 3087 calide.
1229 3039 1299 3086 Lusus

209 3097 343 3147 verborum
364 3097 501 3160 ‘diceret‚'
512 3098 520 3125 ‘
531 3096 699 3145 malediceret
709 3096 727 3144 ι’
744 3099 839 3163 absque
860 3097 908 3146 lsoc
926 3105 995 3147 esset
1015 3113 1066 3162 ego
1084 3114 1194 3167 quoqne
1212 3115 1300 3166 expun-

210 3162 294 3222 genda
312 3163 368 3210 haec
386 3162 576 3222 existimarem
595 3174 663 3209 nunc
682 3162 771 3212 minus.
804 3165 924 3215 Ceterum
945 3164 1001 3226 quis
1019 3166 1225 3228 expectaveris:
1250 3179 1299 3215 nam

211 3225 271 3278 Quo
286 3227 435 3287 diceretis.
454 3226 499 3273 sed
518 3224 671 3286 asyndetom
689 3225 729 3274 hic
749 3235 833 3275 amat:
851 3226 884 3275 cf.
902 3228 968 3277 Euo.
986 3229 1124 3286 Prol.19.'
1142 3231 1218 3282 Botlt.
1250 3231 1300 3282 Non

211 3288 373 3349 interrogant
392 3290 468 3337 Bent.
487 3291 517 3339 Z.
536 3289 606 3336 Peri.
626 3287 686 3350 Bip.
704 3289 863 3353 Delon—19
882 3291 953 3340 Bem.
972 3291 1061 3340 V.Vi.
1081 3298 1111 3342 et
1132 3295 1196 3346 Bas.
1214 3295 1318 3345 habent.

208 3353 296 3400 reicere
306 3366 353 3414 per
363 3367 441 3413 unum
453 3354 472 3410 i,
482 3362 511 3400 ut
523 3352 605 3414 exigit
616 3365 712 3400 versus.
730 3354 776 3404 Fu.
811 3357 930 3420 Quinque
942 3355 1020 3405 etiam
1032 3371 1067 3405 ex
1078 3361 1181 3409 nostris
1193 3361 1299 3409 meliores

209 3416 303 3466 reicere.
321 3416 397 3464 Beot.
414 3417 448 3464 Et
466 3417 504 3465 ita
522 3429 613 3478 magna
634 3428 692 3478 pars
711 3417 839 3468 Mstorum
858 3434 899 3483 ap.
910 3420 992 3468 West.
1009 3425 1037 3470 et
1055 3420 1124 3473 GM.
1137 3424 1185 3474 Br.
1198 3425 1228 3476 Z.
1239 3423 1299 3474 Pesl

209 3483 287 3531 Both.
300 3481 424 3544 flio-m
441 3481 517 3530 Bodl.
529 3481 580 3529 Ms.
600 3480 670 3543 Lipe.
682 3487 709 3530 et
720 3483 754 3533 G.
766 3497 824 3532 cum
843 3485 953 3542 Donato,
974 3485 1006 3540 Q.
1018 3483 1050 3534 ab
1068 3487 1124 3549 ipso
1138 3492 1246 3540 ωιτη
1263 3493 1299 3548 est,

211 3547 256 3596 siti
267 3561 315 3595 esse
325 3547 351 3594 id
361 3546 469 3595 rellatum
476 3551 553 3610 putet.
580 3545 605 3595 A
616 3545 714 3594 duobus
726 3548 789 3598 Mss.
800 3549 937 3597 Pulmanni
947 3547 975 3596 ri
984 3564 1034 3599 esse
1045 3550 1135 3602 abest.
1153 3555 1222 3605 Vide
1232 3565 1297 3618 porro

211 3613 243 3661 ud
262 3610 785 3675 nun.Pr01.e.etgssoecl.ado.1.Wesr.
804 3613 870 3668 Quod
888 3613 917 3662 ab
936 3613 987 3676 ipso
1003 3616 1205 3679 adiutumet,ss'lri
1221 3615 1297 3668 eeseid
1336 3660 1338 3669 .

210 3676 320 3725 rellatum
328 3682 404 3737 putet.
438 3674 598 3725 0.fere1.s.
611 3681 639 3722 et
655 3674 786 3737 Donatus,
799 3677 867 3731 Quod
877 3678 906 3726 ab
925 3678 980 3726 illo:
997 3683 1170 3744 sequentium
1180 3699 1241 3734 vero
1251 3695 1294 3730 ver·
1336 3728 1338 3735 ,

210 3741 302 3790 borum
317 3741 433 3789 ordinem
444 3740 511 3788 hitnc
527 3739 624 3788 habent
635 3752 722 3787 omnes
733 3738 788 3790 fere
806 3741 875 3801 libri,
886 3741 933 3791 sibi
943 3757 991 3791 esse
1001 3744 1028 3792 id
1038 3748 1155 3797 relatum.
1190 3749 1293 3797 Donatm

211 3806 257 3855 siti
267 3807 293 3854 iel
303 3820 369 3855 esse.-
383 3804 451 3871 quod
463 3814 490 3854 et
501 3801 730 3854 commodissimum
740 3811 781 3855 est
793 3806 884 3855 versui.
919 3807 997 3857 Liber
1008 3808 1157 3862 Bembinus
1169 3813 1196 3864 u
1206 3812 1292 3863 aruns

703 3935 812 3987 NOTAE

246 4032 278 4077 18
294 4030 377 4079 Artem
396 4031 633 4095 mactantmuu'cum]
655 4032 686 4082 ld
698 4040 738 4082 est
776 4032 818 4081 sel
836 4034 921 4096 potius
932 4035 1000 4102 quod
1012 4037 1097 4090 Musae
1111 4039 1227 4092 Poe'ticoe
1237 4050 1288 4105 prs·

214 4103 428 4170 comicamque
444 4109 501 4157 haec
513 4122 553 4156 ers
569 4114 675 4172 propter
686 4123 737 4158 me·
776 4108 836 4159 sint.

215 4180 304 4267 tricem
322 4183 448 4233 rationem
467 4185 569 4235 musice
588 4183 736 4246 affinisest:
