2692 4688
207 284 272 354 826
580 300 613 350 r.
634 298 817 347 ruouuru
839 299 928 347 serr

208 445 276 511 Sed
291 464 358 510 nou
373 445 468 524 odeo,
488 448 525 508 ut
537 461 616 507 mea
629 441 773 506 facilitas
787 447 976 524 corrumpat
990 440 1123 505 illorum
1139 442 1285 510 animos:

207 545 309 625 Quod
323 547 403 610 tusi
418 544 503 608 idom
516 543 661 620 iaceres,
674 542 781 624 magis
804 541 840 605 iu
857 561 933 606 rem
952 548 989 608 ct
1007 550 1158 607 nostram
1173 551 1209 609 et
1223 564 1295 610 vos·

335 653 419 712 tram
433 646 467 709 id
482 649 585 709 esset.

207 747 307 813 Nunc
336 745 434 811 video
463 748 498 810 in
526 746 658 811 illorum
683 750 956 828 potestate-csso
977 750 1025 810 tc.
1069 743 1186 809 Pelo.
1210 745 1297 813 Heia
1333 764 1338 831 ,ς

336 848 434 913 vcro!
1334 852 1337 869 '

208 949 276 1014 LA.
298 947 380 1014 Adii
395 957 428 1013 te
444 948 513 1013 heri
528 948 569 1013 dc
583 947 672 1013 filio:
693 954 733 1012 ut
747 947 834 1035 veni,
848 946 963 1012 itidem
976 947 1140 1021 incertum
1154 947 1276 1011 amisti.

206 1051 314 1137 Haud
329 1052 377 1117 ita
389 1052 497 1129 decet,
512 1052 542 1116 si
556 1057 749 1137 perpetuom
762 1050 815 1113 vis
830 1069 908 1114 csse
923 1047 1115 1131 affinitatem
1128 1049 1229 1127 hunc,
1257 1049 1297 1115 10

208 1152 328 1218 Celare
342 1161 378 1217 tc
392 1153 471 1216 iras.
513 1152 551 1217 Si
566 1151 648 1235 quid
662 1158 713 1217 est
725 1157 903 1234 peccatum
916 1170 937 1214 a
950 1151 1061 1228 nobis,
1074 1150 1211 1234 profer:

210 1254 283 1318 Aut
294 1273 335 1318 ea
347 1252 544 1332 refellendo,
558 1259 617 1327 aut
628 1254 811 1368 purgando,
826 1254 925 1319 vobis
941 1253 1166 1336 corrigemus,
1337 1212 1340 1407 Ι

1336 1410 1340 1469 i

207 1487 220 1520 e
231 1472 384 1533 meofomdis
390 1492 401 1534 ;
416 1480 520 1524 otium
530 1490 576 1523 son
586 1475 608 1524 is
618 1489 677 1536 sum,
694 1474 735 1538 qui
752 1473 826 1522 simio
844 1471 996 1532 induigentia
1007 1470 1131 1534 mmm
1141 1483 1181 1527 ess
1189 1471 1299 1519 reddam:

207 1538 298 1598 quodsi
308 1545 335 1587 ts
344 1540 414 1594 idern,
424 1545 495 1603 rique
505 1541 653 1600 egosoreren
661 1540 739 1600 magis
746 1543 770 1588 et
778 1538 837 1586 miii
847 1543 870 1586 et
879 1537 924 1585 iiii
935 1538 993 1585 otiis
1003 1541 1073 1584 esset.
1106 1535 1180 1583 Nunc
1189 1535 1299 1597 perspicio

205 1605 232 1649 te
249 1604 332 1652 exeris
347 1608 370 1653 et
381 1604 445 1668 fliioe
461 1605 574 1667 potestati
592 1605 718 1666 mdiorers.
758 1603 815 1652 Pu.
836 1603 884 1651 Eia
900 1616 962 1656 sero,
977 1615 1050 1663 perge
1067 1600 1223 1662 apertum.
1255 1599 1301 1646 Le.
1338 1646 1340 1675 ἰ

207 1665 273 1715 Heri
283 1673 307 1715 te
317 1670 412 1716 conveni
423 1668 487 1731 filia
501 1674 550 1718 trus
560 1683 638 1718 rossa.
675 1669 709 1717 Ut
719 1669 750 1716 sd
760 1673 784 1716 te
795 1667 898 1715 incertum
908 1666 962 1714 seni
985 1664 1224 1729 commineris*
1233 1663 1300 1711 uim-
1338 1694 1340 1701 ·

206 1729 269 1779 sirii.
304 1731 404 1780 Minime
415 1733 450 1779 ito
460 1733 577 1794 commit,
591 1732 762 1796 sirrpisister
770 1745 813 1779 sos
820 1731 945 1794 persistere
956 1700 1016 1777 ione
1024 1727 1174 1794 affinitatem,
1188 1729 1300 1803 occultare

207 1796 491 1846 rousostnoeirocusdioe.
524 1796 555 1846 Si
565 1799 625 1860 quod
636 1797 745 1846 celicum
756 1797 868 1857 jecimus,
885 1796 987 1844 edissere
996 1808 1057 1842 sisse
1068 1793 1137 1853 just:
1152 1789 1300 1850 murelu-
1338 1808 1340 1813 ·

669 1937 849 1958 §cannono

207 2050 348 2099 Tomennd
369 2050 499 2101 Familiam
520 2052 602 2117 Epist.
620 2067 663 2104 rx.
684 2056 775 2105 lu-tt
791 2054 832 2102 Ex
853 2054 912 2103 Vct.
927 2059 954 2101 et
978 2054 1039 2102 Bos.
1054 2065 1084 2100 sc
1104 2051 1174 2101 lion.
1193 2049 1234 2100 its
1251 2051 1300 2100 coi·
1338 2050 1340 2117 i

204 2116 330 2177 locemus,
349 2130 400 2164 meo
415 2115 541 2176 facilitas:
557 2134 590 2169 ex
609 2117 725 2168 omuibus
744 2127 830 2171 sutem
850 2119 867 2166 1.
886 2134 907 2166 s.
926 2122 1058 2179 mmpar
1081 2116 1178 2164 iliorum
1198 2115 1301 2164 mesos:
1338 2134 1340 2149 ·

207 2194 296 2228 versus
306 2188 345 2229 est
355 2180 437 2229 Innrb.
450 2186 552 2231 tetram.
563 2184 685 2233 catalect.
697 2184 723 2232 in
735 2198 795 2246 quo,
802 2190 935 2232 contrecto
947 2182 1061 2229 dictione
1069 2195 1122 2228 meo
1132 2181 1159 2227 in
1169 2195 1244 2228 uuam
1254 2181 1299 2242 syl·

208 2244 304 2304 labam,
313 2252 354 2292 eet
366 2245 469 2294 lumbus
481 2246 507 2294 in
523 2255 621 2308 quarto.
639 2248 686 2299 Fo.
720 2248 820 2308 Nostri,
827 2262 877 2295 uno
889 2254 1115 2308 excepto,omnes,
1123 2243 1300 2303 meosociiitur:

208 2322 256 2355 nec
269 2322 332 2369 opus
344 2315 385 2356 est
404 2316 433 2356 ut
445 2311 501 2357 Mer
513 2310 538 2357 in
549 2325 624 2359 unam
636 2312 761 2374 syllabam
779 2312 955 2361 contrahatur.
972 2311 1093 2358 Birt-r
1112 2309 1166 2364 Qso
1177 2306 1265 2358 Gneif.
1278 2313 1299 2355 1.

207 2374 267 2435 quod
279 2374 300 2419 si
311 2376 337 2418 io
349 2372 394 2420 Br.
405 2372 456 2421 duo
465 2387 480 2421 e
489 2373 571 2424 Boeci.
581 2375 682 2431 tertius,
694 2378 754 2438 qood
764 2378 785 2424 si
795 2381 823 2426 trs
833 2377 874 2424 ior
884 2376 953 2425 idem
964 2374 1075 2422 ‘Melior
1085 2383 1128 2422 est
1138 2372 1202 2421 ordo
1214 2372 1300 2420 verbo·
1332 2368 1335 2378 '

206 2448 262 2482 rum
275 2435 300 2482 in
312 2436 387 2484 Beni.
407 2436 475 2492 Quod
486 2442 513 2485 io
523 2438 738 2496 siidemscrerss.’
755 2441 801 2488 Fu.
834 2441 943 2488 ‘Nostri
957 2438 1100 2486 maieritu.
1130 2436 1300 2485 stenimsnb

206 2500 262 2547 ictu
274 2513 330 2546 esse
343 2498 431 2562 debet,
443 2507 473 2548 ut
482 2515 519 2549 rs.
532 2507 557 2550 5.
574 2503 636 2563 Ego.
659 2503 781 2552 Ceterum
794 2517 841 2565 pro
852 2503 877 2551 in
888 2518 938 2552 rem
948 2507 1050 2550 nostram
1061 2506 1084 2550 et
1095 2506 1209 2561 vostram,
1224 2501 1300 2548 nostri

207 2577 300 2626 magno
312 2565 482 2626 consensuris
498 2578 548 2614 rem
558 2573 660 2616 vostram
671 2573 695 2616 et
709 2573 821 2617 nostram.
853 2568 913 2617 Hoc
929 2566 1029 2615 civilius
1041 2573 1069 2613 et
1080 2566 1205 2613 morotius
1217 2574 1265 2623 est,
1275 2571 1301 2612 ut

207 2627 482 2678 illorum-commodum
495 2630 565 2692 prius
582 2640 724 2694 spectetur.
760 2632 865 2692 Repone
877 2631 967 2693 igitur,
979 2630 1048 2684 Quod
1060 2634 1085 2677 tu
1096 2629 1192 2677 riidem
1202 2628 1301 2689 faceres,

207 2692 285 2753 magis
299 2708 349 2741 rem
359 2695 384 2742 in
395 2699 498 2743 rostram
508 2701 532 2743 et
541 2701 645 2745 nostram
656 2696 681 2744 id
692 2701 760 2745 erret.
789 2697 849 2745 Rem
859 2697 884 2743 in
895 2698 951 2760 ipsc
965 2708 1053 2742 versus
1066 2691 1213 2754 efflagitet!
1230 2694 1300 2742 Beni.

208 2757 301 2806 ‘Bent
314 2758 355 2807 cd.
366 2759 442 2819 magis
452 2774 501 2808 rem
512 2759 538 2808 in
548 2766 651 2809 vostrum
661 2766 683 2810 et
693 2767 799 2810 nostram
809 2762 834 2809 id
845 2766 913 2820 esset,
926 2758 1022 2819 addens
1034 2757 1083 2806 hoc
1094 2757 1196 2806 civilius
1214 2764 1242 2805 ct
1253 2771 1301 2804 mo·

206 2821 287 2868 ‘retius
307 2836 372 2871 esse.
405 2823 456 2871 Sed
475 2831 575 2872 veteres
593 2825 685 2874 millies
703 2839 775 2874 suum
795 2839 885 2873 nomen
903 2824 1008 2872 citerius
1024 2821 1120 2870 nornini
1137 2827 1301 2884 praeponunt,

207 2898 291 2948 neque
303 2887 365 2935 tatia
375 2887 502 2949 exigenda
514 2895 574 2936 suut
583 2889 614 2937 ud
626 2904 733 2951 morum,
742 2890 784 2954 qui
796 2904 863 2938 nunc
875 2896 944 2944 runt,
953 2887 1117 2949 elegantiam.
1126 2899 1153 2934 v.
1166 2886 1301 2934 Burmsuo.

206 2948 242 2997 od
254 2952 350 3000 ercau.
364 2964 403 3001 ix.
422 2951 487 3000 985!
499 2952 532 3000 R.
552 2953 585 3001 D.
607 2953 632 3001 in
643 2969 693 3002 rem
703 2959 804 3003 rostrum
815 2959 839 3001 et
849 2959 954 3001 nostram
966 2951 1044 3000 Both.
1056 2951 1102 2999 Br.
1119 2955 1142 2998 ei
1161 2956 1266 2999 nostrum
1280 2954 1301 2997 et

206 3020 311 3063 nostrum
328 3015 389 3080 Bip.
410 3016 528 3065 Peri-8
545 3018 609 3065 Nom
628 3018 674 3067 lib.
694 3019 774 3080 antiq.
795 3019 859 3066 Peri.
884 3018 944 3066 Non
966 3015 1084 3077 indignus
1107 3013 1212 3078 quidem
1232 3014 1302 3063 venia

205 3076 292 3127 Po'e'ta
304 3077 381 3142 foret,
394 3080 416 3127 si
428 3081 453 3127 iu
465 3079 551 3128 medio
564 3082 644 3130 verbo
655 3097 778 3131 caesursm
797 3083 839 3130 hic
857 3086 974 3143 poneret.
1006 3079 1057 3128 Sed
1077 3093 1129 3126 uon
1149 3079 1230 3127 credo
1246 3092 1301 3126 suro

208 3141 271 3189 dota
282 3157 362 3204 opera
382 3143 406 3190 id
418 3143 530 3203 fecissc;
548 3157 604 3192 cum
616 3146 642 3194 iu
654 3160 730 3195 mauu
741 3153 818 3206 esset,
830 3146 905 3195 venia
923 3159 954 3194 ea
966 3158 1015 3193 nou
1034 3142 1159 3204 indigere.
1195 3142 1302 3204 Repoue

208 3205 297 3266 igitur,
310 3207 380 3254 Nunc
390 3206 455 3255 rideo
466 3207 491 3255 in
501 3209 595 3256 illorum
606 3225 655 3258 esse
665 3215 689 3259 te
696 3214 821 3272 potestate.
854 3209 918 3268 Hera
929 3224 991 3258 rero.
1008 3208 1086 3255 Bent.
1098 3206 1215 3268 seqnitur
1227 3206 1302 3255 Both.

203 3273 346 3329 potestatem
356 3275 380 3318 te
391 3282 439 3318 esse
448 3271 498 3320 Ms.
511 3272 629 3332 Lips.-9
643 3273 730 3322 Veniat
741 3288 756 3321 e
769 3288 807 3335 pr.
819 3289 852 3321 m.
863 3274 910 3322 Br.
922 3288 979 3322 cunr
990 3271 1087 3330 notula,
1096 3270 1161 3318 ‘Atii
1170 3270 1303 3319 oeni:’‘me

207 3330 320 3380 dimisisti
337 3346 424 3381 ornnes
443 3334 519 3382 Mss.'
530 3335 604 3383 Boecl.
624 3341 651 3385 ct
667 3338 779 3386 dimisisti
798 3337 860 3386 Hui.
882 3337 1001 3386 ‘omisisti
1019 3334 1111 3383 Leidd.
1141 3334 1246 3398 uirque,
1254 3335 1303 3383 Ms.

208 3394 281 3458 Lips.
292 3396 331 3444 Μ.
341 3404 368 3445 et
379 3397 468 3446 multoe
480 3397 541 3446 edd.
551 3399 627 3448 vett.'
641 3400 717 3452 West.
730 3415 829 3449 necnon
840 3402 891 3450 Me.
904 3403 935 3450 R.
946 3416 987 3462 ap.
1001 3400 1075 3448 Lind.
1084 3405 1112 3447 et
1123 3349 1238 3447 iic-io
1246 3399 1303 3447 Per-

204 3466 301 3523 petuam
312 3461 371 3510 ione
380 3463 416 3509 cis
425 3475 513 3511 omnes
522 3463 588 3513 Mss.
598 3464 673 3513 Boeci.
681 3464 768 3514 Guelf.
778 3470 803 3515 2.
816 3475 843 3514 et
852 3465 911 3514 cdd.
921 3473 980 3526 post
989 3464 1045 3512 ΕΡ.
1055 3465 1064 3492 ‘
1069 3466 1209 3527 perpetuom
1216 3478 1302 3512 versus

206 3525 320 3589 respuit3
336 3526 379 3590 qui
392 3526 417 3573 in
430 3541 460 3576 es
469 3527 531 3576 sede
543 3529 583 3577 vei
595 3529 726 3579 Creticum
740 3531 907 3594 postulatum
921 3531 1043 3576 Paeonenr
1056 3535 1186 3591 quartum.
1215 3527 1303 3576 Nostri

207 3603 294 3639 ornnes
305 3590 365 3639 ianr
376 3596 475 3654 ponunt
487 3601 545 3653 port
554 3599 697 3656 perpetuam.
720 3594 833 3656 Repono,
841 3592 953 3643 Honiita
962 3594 1028 3640 decet
1036 3592 1058 3639 si
1065 3594 1184 3655 perpetrm
1200 3591 1258 3640 irunr
1267 3591 1302 3640 cis

206 3669 256 3703 esre
275 3655 430 3719 adfinitatem.
463 3656 599 3719 ‘Perper'
613 3657 682 3706 idem
700 3659 767 3721 quod
784 3656 971 3720 ‘Perpetnus,’
989 3662 1018 3706 nt
1038 3657 1147 3705 Plautus
1162 3658 1170 3684 ⁴
1191 3657 1300 3706 Noctem

205 3719 359 3781 perpetcm‚’
368 3720 375 3746 ‘
384 3717 450 3768 Alea
468 3722 570 3781 perpeti
580 3719 597 3770 :'
613 3730 641 3770 et
651 3721 712 3770 niii‘
726 3722 822 3780 Diem,’
838 3721 951 3770 ‘Annum
964 3719 1126 3783 perpetem.”
1136 3721 1211 3770 Brut.
1228 3734 1300 3784 quem

207 3785 323 3848 sequitur
337 3783 481 3834 urin-11
501 3783 569 3839 Quod
586 3784 650 3835 GM.
667 3801 810 3849 perperam.
823 3787 891 3835 Peri.
910 3786 947 3833 sic
964 3785 1084 3836 ctCodd.
1104 3784 1220 3849 quidam,
1236 3791 1302 3834 testo

206 3847 354 3897 west-12
365 3847 453 3898 Inhoc
463 3861 558 3911 genere
567 3849 658 3899 crebro
668 3861 806 3900 occurrunt
814 3858 922 3914 precenta
930 3857 1021 3899 contra
1029 3851 1153 3909 metrumj
1166 3847 1227 3898 ideo
1235 3847 1301 3915 quod

207 3911 337 3962 nescirent
355 3918 456 3963 veteres
476 3912 652 3974 Correctores,
663 3917 756 3964 nultum
776 3915 818 3964 iric
833 3915 860 3963 in
879 3914 963 3964 medio
979 3928 1066 3978 versu,
1077 3913 1132 3962 sive
1149 3914 1175 3961 io
1196 3927 1302 3973 cossura,

207 3973 338 4024 licentiam
346 3977 467 4037 permitti.
481 3979 612 4042 purgando,
622 3981 670 4027 uiri
682 3981 787 4042 primaru
800 3979 917 4042 corripit,
927 3978 994 4043 quod
1004 3977 1224 4040 absurdissimum,
1234 3984 1302 4027 stare

208 4036 235 4084 in
255 4053 285 4086 ea
304 4040 366 4089 sede
384 4043 482 4107 nequit.
516 4041 568 4092 Sed
585 4045 725 4093 remedium
742 4051 835 4106 sponte
855 4043 992 4105 succurrit,
1005 4043 1055 4092 Aur
1072 4057 1100 4095 so
1114 4042 1243 4102 refellendo
1259 4042 1304 4091 stoi

209 4106 251 4177 ost
260 4106 383 4166 purgando
393 4107 544 4184 corrigemus.
561 4102 652 4170 ‘Tibi'
662 4114 692 4158 ‘ut
705 4106 894 4175 patrifamilias,
905 4109 954 4181 qui
960 4113 1061 4159 ceteros
1069 4121 1160 4173 regas:
1179 4107 1219 4158 sic
1229 4121 1301 4171 snpe-
