2678 4694
189 307 256 370 610
569 318 598 364 r.
624 317 807 366 rrnnnru
831 318 920 366 neni

192 467 278 533 Eum
302 484 386 532 esse.
431 463 492 527 Sos
515 461 562 527 At
584 467 620 527 ut
645 463 730 525 satis
753 460 979 545 contemplate
1002 459 1106 527 modo
1133 462 1199 542 eis,
1224 478 1297 530 men

322 567 460 633 Nutrix.
507 567 580 631 Nn.
602 565 705 639 Setis.

191 675 253 741 80.
286 672 354 738 Abi
369 672 448 755 jam.
464 687 553 733 nunc
575 669 672 745 intro,
695 672 809 749 00000,
830 664 891 730 iile
915 665 947 730 si
965 664 1039 749 jem
1060 664 1197 744 laverit,
1217 664 1294 730 mihi

327 773 462 838 nuntia:
1275 769 1293 829 5

193 877 263 943 Hic
289 895 349 960 ego
373 876 480 940 virum
503 874 629 937 interea
649 870 836 954 opperibor.
880 870 946 934 Sr.
977 869 1028 933 Te
1052 869 1147 935 voit:
1169 868 1292 946 videas,

321 977 402 1062 quid
418 977 509 1042 velit.

192 1081 331 1160 Nescio,
348 1079 430 1165 quid
446 1079 552 1144 tristis
567 1084 640 1143 est:
662 1094 731 1140 000
747 1082 872 1138 temore
888 1073 954 1140 ’stt
978 1079 1107 1152 metuo,
1122 1072 1206 1157 quid
1220 1074 1290 1137 siet

322 1182 388 1246 Cu.
413 1180 504 1259 Quid
521 1180 605 1243 siet!

193 1287 273 1362 Nee,
287 1286 356 1348 ista
372 1283 482 1347 hercle
497 1301 619 1364 magno
636 1280 709 1364 jam
723 1286 846 1344 conatu
861 1297 1000 1362 magnas
1015 1295 1122 1360 nugas
1138 1276 1274 1341 dixerit.

192 1387 252 1452 So.
275 1387 398 1452 Ehem!
421 1386 467 1450 mi
484 1385 543 1448 vir.
600 1383 668 1447 Cu.
692 1383 816 1446 Ehem!
839 1398 1027 1445 mennxor.
1083 1379 1147 1444 So,
1181 1379 1291 1464 Teip·

321 1509 395 1553 sum
411 1507 540 1572 queero.
586 1484 655 1550 Cu.
678 1485 845 1568 Loquere,
860 1479 941 1566 quid
957 1478 1053 1546 velis.

191 1592 250 1658 So.
275 1591 425 1656 Primum
440 1591 503 1653 hoc
519 1595 551 1652 te
569 1608 641 1667 oro,
657 1608 699 1652 00
716 1587 798 1673 quid
814 1586 931 1650 credes
941 1601 996 1648 me
1009 1582 1190 1648 advorsum
1207 1581 1292 1646 edic·

322 1697 500 1756 tumtunm
1254 1684 1292 1748 10

193 1796 318 1860 Facere
333 1813 407 1857 esse
423 1811 552 1857 ausam.
596 1788 665 1854 Gir.
687 1787 768 1852 Vin'
790 1806 845 1851 me
866 1787 955 1852 istuc
978 1785 1051 1865 tibi,
1073 1785 1138 1852 etsi
1153 1786 1292 1852 incredi-

321 1896 389 1959 bile
404 1893 459 1972 'st,
476 1892 636 1958 crederet

192 1996 311 2077 Credo.
356 1996 420 2059 Sr.
445 1994 573 2058 Nescio
589 1992 670 2076 quid
686 1992 821 2076 peccati
831 1995 943 2074 portet
956 1989 1030 2055 haec
1043 1989 1213 2073 purgatio,

191 2103 251 2178 so.
277 2096 494 2163 Meministin’
509 2116 562 2162 me
577 2116 652 2161 esse
668 2096 855 2179 gravidam,
870 2093 996 2159 etmihi
1010 2098 1043 2158 te
1055 2112 1292 2178 maxumopere

322 2200 446 2277 dicere,

190 2374 322 2424 ostendisti.
354 2377 400 2425 So.
416 2375 654 2436 Aturrigemereiae,
663 2380 690 2423 00
700 2390 753 2423 eam
762 2374 823 2424 eatis
833 2375 899 2423 arada
910 2373 1090 2432 intuitasaeris·
1107 2375 1163 2424 Nu.
1171 2375 1292 2425 sanem

192 2439 349 2488 intuitorum.
374 2441 602 2489 So.·1nmabiintro
614 2443 715 2499 demum
729 2444 752 2488 et
766 2440 826 2487 mim
836 2440 941 2506 sesequi
952 2440 995 2488 ilia
1005 2439 1194 2502 amentiorem
1204 2439 1291 2488 lauert.

194 2503 290 2551 Interea
300 2505 338 2551 iric
350 2504 475 2567 erpeetnbo
486 2505 606 2554 enaritam.
639 2503 687 2552 Su.
707 2503 928 2564 Chrememxaitaa
938 2510 962 2553 te
970 2504 1064 2566 querit.
1072 2504 1158 2553 videas
1166 2505 1223 2568 qaid
1232 2502 1293 2552 00000.

193 2565 598 2630 Ignaraqandecausamoestnsit.
624 2568 989 2628 Nanniuecausaidcautiagr't.
1017 2569 1216 2631 Metaoqaidrit.
1244 2568 1292 2617 Cn.

194 2631 258 2688 Quid
264 2632 312 2681 sit?
324 2633 476 2693 Istosoemina
486 2647 627 2697 summopere
634 2632 790 2694 sesatignbit,
800 2633 830 2680 in
837 2633 910 2694 argis
918 2632 1071 2695 proferendis.
1104 2633 1152 2683 So.
1166 2634 1252 2694 Edem,
1263 2630 1293 2680 mi

191 2699 238 2744 air.
257 2697 308 2744 Crr.
318 2698 536 2757 Euenqmeauxdr.
562 2699 607 2748 So.
620 2699 708 2755 Quoera
719 2697 827 2759 teipsam.
856 2697 908 2746 Cn.
918 2696 1229 2760 nequiremqeoavens.
1252 2697 1292 2745 So.

193 2761 224 2808 10
234 2760 316 2821 primis
334 2764 375 2812 noe
392 2779 407 2811 a
422 2768 445 2811 te
460 2764 561 2826 postula,
579 2777 608 2812 ne
626 2778 662 2811 me
678 2764 760 2810 eredas
770 2776 852 2810 ausam
863 2776 911 2810 esse
923 2761 1015 2823 aliquid
1020 2759 1104 2819 faeere
1114 2763 1292 2824 eontrajueeum

193 2829 267 2874 ianm.
301 2827 352 2875 Cu.
375 2823 747 2881 Visnemeeredereistadtibi?
763 2825 1012 2888 muneremunere
1022 2827 1164 2876 eredendum
1173 2826 1216 2875 eit.
1249 2827 1291 2875 Sr.

193 2890 279 2939 Nescio
289 2892 344 2954 qaid
355 2892 501 2956 aupese‘rat
512 2895 561 2942 nae
571 2891 698 2942 excusatio.
731 2890 776 2939 So.
794 2890 967 2939 Recordarisne
983 2903 1037 2940 000
1053 2904 1128 2940 esrem
1143 2891 1257 2954 gravida,
1272 2896 1293 2938 te

192 3129 249 3178 lraee
260 3129 367 3179 oratioi'
401 3130 511 3180 Codices
523 3145 584 3181 vero
596 3145 695 3193 omnes,
711 3148 775 3196 quos
788 3132 850 3193 vidi,
867 3132 985 3182 tribuunt
996 3132 1134 3183 Sostretae.
1168 3133 1238 3198 Guy.
1254 3147 1294 3182 ex·

193 3194 324 3258 punxit'in
335 3208 383 3244 suo
393 3195 483 3245 codiee
494 3195 523 3244 τὸ
534 3199 601 3256 mihi,
619 3197 687 3260 quod
700 3198 778 3246 estin
796 3198 927 3261 plerisque
945 3197 1063 3246 omnibus
1083 3198 1149 3247 Mas.
1172 3198 1294 3254 euenire

192 3258 312 3307 vetustis.
330 3259 403 3308 Idem.
437 3261 496 3309 Esse
508 3270 569 3324 post
579 3263 673 3311 ridetur
684 3261 774 3312 Guelf.
788 3266 861 3310 1.-4
878 3264 945 3311 Mss.
956 3268 984 3311 et
1002 3261 1066 3310 editi
1085 3262 1191 3325 quidam
1209 3271 1294 3312 vetus·

192 3322 294 3383 tissimi,
310 3323 344 3372 Ae
355 3325 417 3385 eide,
434 3331 460 3373 00
471 3328 539 3374 satis.
556 3327 640 3375 West.
672 3328 750 3376 Bent.
761 3327 874 3390 reponit,
893 3327 929 3375 Ae
944 3325 1005 3374 satis
1020 3331 1106 3374 eet—d
1123 3325 1224 3376 Omnes
1235 3328 1296 3376 libb.

193 3401 215 3455 s.
228 3401 270 3449 ap.
283 3388 328 3436 Fa.
339 3389 650 3450 emmerammum.
680 3391 726 3440 lto
737 3397 765 3440 et
778 3392 821 3439 Br.
834 3391 912 3441 Both.
925 3391 1034 3453 sip-r
1052 3390 1087 3440 0.
1100 3391 1118 3439 1.
1130 3406 1153 3442 0.
1171 3393 1230 3454 quid
1240 3393 1295 3456 eit:

193 3452 230 3501 its
242 3451 308 3500 bene
321 3466 409 3501 versus
421 3456 555 3516 procedit:
573 3455 619 3503 sed
632 3454 679 3506 hoe
690 3455 799 3516 amplius
812 3457 887 3504 Bem.
899 3464 927 3504 et
939 3455 981 3503 Vi.
999 3469 1046 3518 pro
1062 3460 1152 3520 metue,
1166 3456 1239 3506 timeo
1256 3458 1296 3505 m·

193 3516 265 3566 irent.
284 3517 329 3566 Fa.
362 3517 369 3545 ‘
380 3518 469 3567 Nostri
480 3534 568 3567 omnes
579 3524 664 3581 metuo,
682 3529 709 3568 00
719 3520 769 3568 sir!
787 3522 865 3570 Βο00.
892 3520 977 3569 Metuo
985 3519 1043 3581 qnid
1052 3520 1086 3568 eit
1097 3518 1143 3570 er.
1155 3517 1229 3571 Peri.
1239 3522 1296 3585 Bip.

192 3582 271 3632 Both.
285 3581 431 3644 verpe-e
447 3584 501 3631 ΕΡ.
514 3598 564 3632 000
576 3585 694 3647 agnoseit
705 3584 851 3644 uram-o
867 3585 933 3634 Mes.
951 3584 1056 3648 quidem
1069 3583 1134 3633 Hem
1152 3600 1201 3648 pro
1217 3586 1295 3636 Edem·

193 3651 258 3695 —10
270 3648 321 3697 Ms.
333 3647 365 3696 R.
376 3647 408 3696 P.
421 3647 464 3695 hoe
474 3663 523 3697 oro.
547 3647 636 3698 Gneif.
646 3653 670 3698 2.
682 3651 732 3698 hae
742 3655 769 3698 et
777 3652 961 3699 adversus-ll
975 3649 1020 3697 Br.
1033 3649 1085 3698 Vis.
1109 3649 1297 3701 30000000σο-

193 3710 265 3760 dibile
273 3714 383 3761 ese-12
401 3711 499 3761 Omnes
511 3710 567 3762 fe're
586 3714 602 3761 l.
621 3728 642 3762 s.
662 3715 730 3762 iuret
749 3730 812 3780 quos
831 3713 906 3765 Rem.
926 3709 954 3763 00
969 3712 1012 3762 elii
1023 3712 1134 3826 antiqui,
1150 3715 1240 3778 porte.
1256 3714 1297 3764 ra.

190 3775 300 3825 ‘Nostri
340 3791 424 3841 uoque
444 3776 540 3840 portat.¹
566 3776 646 3828 Bent.
680 3779 767 3828 Portet
788 3778 833 3827 er.
856 3779 928 3828 Peri.
948 3778 1009 3840 Bip.
1032 3778 1085 3828 Bet
1105 3813 1112 3828 .
1132 3771 1296 3843 helpis-rs

195 3837 288 3888 Dicere.
347 3856 374 3890 ro
387 3857 417 3891 eo
431 3840 494 3890 Mss.
507 3841 646 3891 Leidenses
658 3852 775 3905 quatuor,
787 3842 881 3892 Boend.
893 3842 939 3891 Tr.
951 3851 978 3891 00
990 3839 1067 3892 Bodl.
1079 3840 1127 3891 sed
1138 3851 1169 3892 00
1179 3857 1213 3892 ex
1221 3843 1299 3893 'editis

194 3908 291 3964 prester
302 3905 357 3954 ΕΡ.
370 3914 398 3955 00
410 3905 467 3956 ΕΑ.
480 3907 559 3956 etiem
570 3907 678 3968 Veneti,
692 3907 842 3966 Juntnrnnr,
861 3906 926 3956 Rob.
937 3907 1073 3969 Stephani,
1093 3905 1167 3969 Aldi¹
1187 3907 1298 3958 Derent·

196 3965 374 4030 Antesigneni,
385 3972 501 4030 aliorum,
511 3973 601 4035 legunt
612 3972 804 4021 interminatam:
821 3986 878 4048 quae
891 3973 976 4033 glossa
988 3972 1091 4020 ridetur
1103 3972 1147 4021 τοῦ
1158 3975 1166 4001 ‘
1176 3972 1299 4023 edicere?

198 4027 274 4104 West.
309 4032 416 4082 Maximo
427 4051 495 4099 apere
505 4034 685 4086 interminatum
697 4037 731 4086 G.
749 4035 815 4085 idem
826 4051 853 4084 m
864 4033 928 4085 saa:
961 4032 1043 4085 ‘Mine'
1060 4042 1084 4085 te
1103 4048 1245 4100 magnopere
1263 4038 1299 4087 im

194 4098 354 4146 terminatum.
387 4100 485 4159 Omnes
498 4108 624 4166 quotquot
636 4109 695 4151 snut
713 4101 732 4150 1.
752 4114 773 4151 s.
791 4099 951 4163 maximopere
967 4101 1013 4149 000.
1048 4100 1100 4150 Soli
1121 4102 1195 4150 Bern.
1215 4109 1245 4151 et
1256 4103 1299 4152 Vi.

194 4172 303 4208 mame
312 4175 380 4223 apere
390 4162 480 4214 dicere:
496 4163 572 4229 qnaui
582 4165 715 4230 antiquam
726 4171 755 4215 et
766 4164 854 4213 veroin
868 4165 1004 4215 esseleet.
1017 4163 1100 4229 puto!
1118 4166 1164 4217 Fa.
1198 4165 1300 4235 ‘Lege
