2678 4694
200 302 266 369 716
571 321 603 368 r.
627 320 812 370 raauuru
837 321 926 370 arar

165 498 169 509 =
203 459 432 526 Nonlaciam.
478 456 768 546 Gn'Quidagisl
807 464 867 528 So.
884 464 1069 531 Proferam.
1107 467 1298 557 ormont,

328 560 583 640 meaSoslrata,
600 565 688 643 vide,
712 585 999 648 quamremagas.
1086 621 1092 653 ,
1255 573 1285 634 15
1326 633 1327 640 ¹

204 664 264 728 So.
287 661 406 746 Pejore
421 683 474 727 res
488 664 564 730 loco
579 685 644 730 non
660 674 771 750 potest
786 687 873 745 esse,
885 686 984 751 quarn
999 671 1035 734 iu
1049 690 1121 754 quo
1139 689 1226 735 nunc
1239 671 1286 736 sita

331 770 394 828 est.

202 866 351 930 Primum
367 865 517 931 indotata
533 875 603 931 est:
627 874 697 932 turn
712 875 889 951 praeterea,
906 890 981 952 quae
1007 873 1161 939 secunda
1186 876 1219 941 ei
1240 875 1287 940 dot

331 975 414 1045 erat,

203 1068 323 1134 Periit:
346 1090 407 1153 pro
433 1071 558 1152 virgine
584 1069 657 1134 dari
679 1079 821 1155 nuptum
848 1092 916 1138 non
942 1082 1069 1157 potest.
1120 1075 1204 1141 Hoc
1232 1077 1287 1140 reli·

330 1191 434 1254 quum
451 1178 523 1236 est:

205 1271 264 1335 Sin
280 1272 412 1336 inficias
427 1265 501 1351 ibit,
518 1274 610 1339 testis
625 1293 754 1337 mecum
769 1279 820 1336 est
835 1275 988 1353 annulus,
1004 1295 1108 1358 quem
1125 1280 1281 1343 amiserat.

202 1372 394 1451 Postremo,
403 1376 540 1458 quando
551 1396 613 1459 ego
628 1378 767 1440 conscia
783 1375 863 1438 milri
876 1396 962 1454 sum,
974 1396 995 1441 a
1007 1397 1061 1443 me
1079 1379 1220 1464 culpam
1233 1399 1288 1445 esso

331 1477 417 1541 hanc
433 1477 563 1560 procul,
1260 1483 1290 1546 bl

206 1575 324 1659 Neque
338 1579 493 1661 pretinm,
516 1599 627 1662 neque
643 1599 711 1642 rem
727 1578 830 1643 ullam
847 1579 1084 1658 intercessisse,
1102 1581 1167 1648 illa
1182 1589 1240 1648 aut
1251 1601 1289 1648 no

336 1679 520 1760 indignam,
535 1680 635 1758 Geta,
1138 1692 1141 1701 “
1228 1701 1231 1705 ’
1332 1682 1335 1685 ’

167 1872 169 1874 ·
203 1851 248 1900 So.
267 1853 297 1902 ld
315 1853 488 1913 manifestabo!
521 1857 572 1905 Ga.
589 1857 640 1916 Ab,
656 1871 708 1904 mea
725 1857 845 1916 Sostrata,
859 1857 981 1906 considera
996 1858 1054 1919 qaid
1069 1859 1195 1918 agendam
1210 1858 1242 1907 eit
1252 1859 1290 1909 tili

204 1916 250 1965 So.
269 1917 299 1966 la
308 1918 420 1968 deteriori
429 1920 562 1968 conditione
579 1936 618 1969 rea
629 1936 677 1969 eree
694 1923 1013 1984 neomeniarumque
1023 1936 1087 1969 nana
1102 1923 1184 1984 posita
1195 1929 1244 1972 eet:
1257 1924 1292 1986 pre

201 1986 267 2029 'mam
277 1983 391 2031 aaliadoo
401 1982 423 2031 ei
433 1989 483 2035 est:
499 1991 622 2046 praterea,
631 1985 862 2049 pudicitiaqaoeloco
871 1986 934 2035 dotia
942 1987 1100 2045 maturrime
1108 1993 1154 2042 eet,
1162 2002 1207 2050 pro
1217 1988 1293 2050 virgiac

203 2045 257 2094 dari
268 2045 398 2096 inaxorem
407 2053 550 2110 mapotaat:
573 2049 701 2110 eiaegabit
712 2050 840 2099 AEacbinue
856 2051 986 2112 Pompbiloe
1004 2050 1090 2098 ailiam
1108 2049 1293 2115 otialimmat'a

203 2109 306 2159 monium
316 2127 403 2160 mecam
413 2112 543 2176 perhibebit
554 2113 592 2163 bic
603 2114 711 2171 annulus,
719 2129 787 2176 qoem
796 2114 916 2164 miserat.
948 2114 1080 2173 Poaremo,
1097 2117 1213 2177 quoniam
1223 2119 1293 2170 meat!

203 2175 252 2222 reio
267 2180 339 2238 certo,
349 2193 385 2226 me
396 2177 472 2226 omnia
483 2179 558 2242 crolpoe
567 2193 616 2227 ema
625 2178 756 2242 expertem,
767 2193 838 2241 aeque
848 2179 919 2231 ollam
929 2193 979 2227 rem
989 2178 1159 2242 intervertisse,
1172 2197 1224 2244 qua
1234 2183 1293 2241 ibor,

664 2321 843 2341 ONOMOOON

205 2421 269 2466 -15
288 2417 352 2473 Quid
368 2419 438 2478 agis?
463 2417 661 2481 adaquator»
681 2426 792 2479 veteres,
814 2417 878 2473 Quid
895 2414 951 2467 atat
976 2418 1010 2466 Et
1028 2416 1136 2466 videtur
1156 2418 1294 2470 inconcinne

199 2477 288 2530 ¹eidem
301 2497 417 2545 personae
432 2483 567 2542 tributum,
579 2483 645 2537 Quid
655 2484 725 2543 ogia?
741 2489 769 2531 et
784 2497 844 2531 mox
862 2496 959 2543 rursus,
973 2481 1059 2543 ‘vide‚
1071 2497 1152 2545 quam
1165 2499 1222 2534 rem
1233 2481 1293 2546 ιμ’

209 2547 286 2596 Weot.
320 2545 408 2610 Aliqui
422 2547 491 2609 libri,
502 2548 569 2595 inter
580 2561 643 2609 quos
656 2547 807 2608 Bembiuue,
820 2546 885 2602 Quid
895 2549 968 2607 egee?
984 2551 1051 2595 utet
1063 2547 1149 2608 exigit
1162 2550 1293 2606 ratimari!

205 2616 328 2674 sequatur
339 2624 490 2673 responsum
506 2611 632 2660 Sostratae
650 2611 675 2659 ia
694 2610 791 2671 tuturo,
812 2608 985 2659 ‘Proferam'
1001 2609 1048 2658 Fa.
1081 2611 1158 2660 Unus
1171 2627 1206 2662 ex
1216 2611 1295 2662 norm

204 2689 270 2736 agea.
303 2674 355 2724 Alii
372 2675 434 2736 agia.
468 2675 541 2723 Unus
553 2689 584 2723 ex
595 2675 684 2738 Regiis
697 2676 763 2731 Quia
773 2675 826 2723 aial
841 2682 869 2723 et
880 2682 962 2723 recte.
995 2674 1044 2722 Est
1056 2673 1212 2726 admirantis
1223 2676 1296 2727 etalii·

205 2739 352 2800 sentientia,
369 2754 420 2788 non
433 2739 624 2802 interrogantis.
658 2740 686 2788 Si
696 2740 751 2800 agir
763 2739 844 2801 legas,
866 2739 905 2786 bis
916 2737 984 2786 idem
998 2736 1104 2798 dicitur,
1121 2753 1184 2789 cum
1196 2755 1254 2791 mox
1263 2741 1295 2798 alt,

201 2810 297 2866 squam
310 2818 363 2852 rem
375 2804 454 2866 agas!
488 2805 572 2852 Porro
590 2819 646 2866 quae
665 2813 818 2868 sequuntur,
834 2810 908 2850 ‘mea
927 2803 1056 2862 Sostrata,
1078 2802 1142 2851 vide
1160 2820 1238 2867 quam
1254 2817 1295 2854 ren

206 2868 286 2932 agas,'
305 2869 439 2917 Contbnroe
451 2868 530 2916 uerba
542 2877 610 2926 suut,
620 2882 671 2916 non
680 2869 774 2918 Getae:
787 2875 816 2916 ut
828 2869 869 2915 vel
881 2865 944 2915 illud
955 2866 1061 2920 indicat,
1072 2867 1080 2893 ‘
1092 2881 1153 2915 ruea
1163 2865 1295 2919 Sostrata:⁸

226 2933 275 2982 uod
288 2933 414 2982 muliebre
427 2932 630 2980 blandimentum
642 2941 692 2981 est.
724 2933 843 2994 Uterque
860 2940 888 2980 et
907 2931 977 2980 Geta
988 2937 1016 2979 et
1027 2929 1164 2980 Canthara
1176 2934 1297 2984 consilium

201 2948 331 3058 §astrictae
350 2996 497 3058 repudiant.
518 2997 587 3044 Beni.
622 2997 688 3051 Quid
706 2993 781 3055 ages?
800 2995 878 3044 Botlr.
896 2995 940 3058 qui
959 2994 1038 3042 etiam
1056 2993 1202 3047 Cantltarae
1221 2996 1297 3049 tribuit

206 3060 288 3110 verba
299 3060 381 3108 Hem!
390 3061 499 3121 ommia.
533 3060 603 3108 Perl.
620 3061 665 3108 dat
685 3068 713 3108 ut
729 3061 806 3108 Bent.
831 3059 897 3114 Quid
915 3056 1298 3124 ages2Bi1›.Delplr.—4dssx

201 3125 273 3176 ‚libro
283 3124 410 3173 Bembina
422 3139 469 3184 pro
478 3128 554 3186 potest
566 3125 624 3185 lego
640 3124 705 3186 potia
721 3129 780 3180 est:⁴
788 3124 866 3172 aliter
883 3124 954 3170 nullo
974 3123 1051 3170 modo
1063 3130 1156 3184 potest
1168 3125 1298 3189 procedere

207 3187 250 3236 bie
261 3202 359 3248 versus,
375 3201 459 3250 neque
478 3194 507 3234 ut
525 3187 657 3248 iambicus,
673 3201 756 3251 neque
774 3186 802 3237 ut
815 3187 969 3236 trochaicus.
986 3187 1032 3235 Fa.
1067 3187 1160 3237 Nostri
1173 3204 1298 3254 perperna

206 3256 292 3313 pateat.
310 3252 388 3300 Bent.
422 3253 473 3299 Ma.
491 3251 591 3302 Pate.
609 3253 640 3301 Ia
657 3252 742 3313 pejore.
776 3252 887 3300 Potiaeat
901 3250 1231 3314 Botb.Bip.Delplr.-48
1246 3252 1299 3305 Dari

201 3329 250 3379 pro
261 3315 356 3376 uirgine
367 3315 510 3363 Boiu-ae
526 3316 623 3378 Magna
639 3316 772 3364 Librorum
786 3331 854 3377 pars,
865 3314 894 3363 Si
904 3315 998 3379 inficiae
1008 3314 1063 3365 ibit.
1097 3317 1197 3368 Utrum
1209 3320 1300 3382 elegam
1333 3355 1335 3361 ,

208 3379 259 3429 tius
276 3380 318 3439 ait,
334 3379 424 3428 merito
444 3379 557 3427 dubites.
590 3380 664 3431 erod
683 3387 768 3427 nortem
788 3381 923 3429 Boeolerus
944 3379 1051 3442 reperit,
1068 3377 1098 3428 Si
1110 3381 1299 3447 iaiafioiaeibil,

209 3450 287 3508 etque
299 3442 358 3491 iude
369 3441 398 3491 rb
416 3443 462 3492 Sia
480 3442 625 3492 confirmari
646 3449 730 3506 putat,
747 3459 796 3492 nou
816 3443 897 3506 magis
914 3444 1041 3507 sequitur,
1061 3442 1140 3506 qbaur
1153 3447 1299 3498 exlectore

209 3510 261 3560 Me.
272 3507 365 3557 Boend.
383 3508 413 3558 Si
423 3508 517 3573 inficiae
527 3506 606 3557 inibit.
625 3508 707 3557 West.
743 3510 819 3565 Quem
834 3509 955 3556 amaeam.
973 3509 1011 3556 M.
1023 3515 1052 3557 et
1067 3509 1166 3561 Boend.
1183 3513 1299 3575 moratae

200 3574 326 3636 lamisem.
359 3573 402 3622 Ita
420 3582 448 3622 et
468 3573 523 3622 ΕΡ.
544 3583 572 3622 et
588 3574 644 3622 EV.
664 3577 686 3620 1.
715 3573 835 3637 Guyetus
848 3586 948 3621 uersum
960 3572 1036 3633 hunc,
1053 3571 1080 3620 in
1092 3589 1147 3638 quo
1158 3576 1299 3637 palmarium

209 3641 332 3689 Sostratae
344 3644 522 3701 argumentum
534 3646 585 3697 est,
597 3637 710 3700 sparrium
723 3644 807 3687 vocat.
835 3636 887 3685 Sed
899 3650 948 3684 uec
959 3636 1077 3699 proxime
1088 3639 1246 3700 praecedens
1255 3640 1299 3688 siae

209 3704 256 3753 boc
267 3712 337 3753 stare
347 3709 450 3766 potest3
467 3702 515 3751 lroe
534 3703 599 3749 euim
622 3716 699 3750 unum
718 3703 844 3766 reliquum
862 3708 930 3762 erat,
948 3715 980 3749 ea
993 3702 1088 3749 annulo
1098 3705 1257 3755 convincere
1267 3703 1298 3754 lb·

210 3768 336 3817 echinum.
369 3768 427 3817 Nec
433 3767 510 3830 juvat
521 3766 652 3827 Guyetum
663 3765 692 3814 rb
703 3767 822 3822 omiserat,
833 3780 881 3826 pro
893 3779 944 3829 quo
955 3766 1037 3814 amisit
1049 3766 1220 3818 scribendum
1230 3769 1298 3819 fuisse

210 3833 283 3882 dicit.
309 3832 400 3882 Sedet
412 3830 530 3880 ‘annuli’
548 3831 575 3879 in
588 3845 615 3878 re
626 3830 704 3879 simili
713 3830 817 3890 mentio,
830 3829 894 3878 Hoc.
905 3842 931 3878 v.
942 3833 966 3878 8.
977 3833 1017 3878 bo.
1028 3843 1098 3893 seqq.
1110 3831 1191 3883 Idem.
1220 3830 1300 3884 Nostri

210 3893 265 3945 fere
276 3911 364 3945 omnes
376 3911 435 3946 curn
450 3895 512 3944 edd.
529 3902 595 3944 vett.
614 3897 707 3951 naulae,
723 3910 790 3956 quera
809 3895 858 3955 ipae
875 3893 996 3943 amiserat.
1031 3894 1134 3944 Recte:
1153 3897 1300 3959 abjectant

211 3959 286 4021 solet,
304 3975 327 4016 a,
348 3959 467 4010 ‘analu'’
482 3959 512 4008 lit
523 3959 653 4021 dactylus.
686 3957 780 4021 ‘lpse'
796 3958 932 4006 sententiae
944 3972 993 4005 non
1024 3971 1094 4006 arum
1107 3958 1222 4010 confert.
1238 3963 1300 4011 Bari.

230 4024 254 4069 ui
272 4023 350 4072 etiarn
370 4026 401 4074 Si
419 4024 535 4086 proSia.
569 4024 612 4072 lta
629 4030 656 4073 et
675 4025 777 4072 omnino
797 4022 885 4083 legunt
902 4022 979 4070 Both.
1021 4023 1066 4070 erl.
1101 4022 1132 4070 Si
1149 4026 1197 4074 Br.
1208 4027 1238 4075 Z.
1249 4024 1299 4086 Bip.

211 4038 373 4146 blaten-so
390 4090 466 4138 Muta
477 4088 601 4151 ordinem,
611 4095 639 4138 et
652 4087 745 4142 scribe,
758 4087 879 4135 Postremo
897 4088 986 4148 quando
1003 4100 1046 4146 ego
1062 4087 1192 4138 miiitum
1208 4091 1299 4138 comeo

204 4151 292 4212 ,Bent
324 4150 369 4200 lta
385 4159 413 4201 et
427 4151 589 4204 habetPerl.
625 4151 1032 4213 Quaadocousciuegollotb.-bl
1051 4151 1299 4215 Reponondumno
