2678 4694
297 298 557 351 nnunruonuu
581 302 664 375 sor.
680 303 720 352 u.
742 302 794 353 ac.
811 306 868 354 111.
1063 294 1128 361 708

83 433 104 509 ri
117 438 231 509 omnia
245 444 310 509 eibi
322 446 530 530 postputavit
539 465 615 512 esse
629 466 700 532 prae
714 467 788 513 meo
802 449 1000 535 commodo,
1096 475 1101 483 ·

83 544 233 623 tledieta,
248 544 383 626 famam,
397 567 507 612 meum
521 552 678 627 amorem,
687 557 722 615 et
735 557 909 635 peccatum
922 552 957 616 in
971 574 1009 618 se
1021 561 1128 623 nans·

164 648 255 712 tulit:
535 667 540 679 ·

83 748 133 815 hil
147 757 229 833 pote
244 767 365 832 supra:
381 747 441 813 sed
452 749 632 832 quisnami
645 751 726 818 foris
741 755 880 838 crepuit.
924 714 989 822 Sit.
1012 660 1128 841 Murrlg

162 849 277 917 mane!
301 851 375 934 ipse
390 851 462 916 exit
476 850 575 918 foras.

83 1037 132 1090 ssi
146 1040 218 1090 imaro
227 1040 300 1090 crida
310 1055 388 1090 unare
397 1055 437 1092 res
446 1046 614 1108 postponendus
623 1044 669 1094 aiii
677 1059 726 1096 ease
734 1049 828 1110 pittaci
839 1046 897 1096 mas
906 1047 1037 1097 maman.
1069 1047 1127 1096 Ma·

83 1107 126 1181 rto,
135 1104 267 1182 Maniam,
276 1106 364 1155 amoris
373 1107 420 1156 snei
435 1109 571 1184 parientem,
582 1113 607 1158 et
622 1117 740 1172 peccatum
748 1117 846 1176 propter
855 1115 948 1175 raptum
958 1112 1041 1176 pretio
1051 1125 1127 1160 mce-

83 1182 132 1282 :pu
129 1183 155 1292 ep
166 1247 204 1296 ⁸1³⁸
187 1169 248 1283 aphri
225 1184 347 1285 mum
351 1171 512 1299 manetem
530 1171 578 1222 dici
595 1179 687 1238 poteri:
703 1177 745 1225 rui
755 1177 860 1240 quinem
870 1177 951 1226 ueniti
981 1176 1029 1226 Su.
1046 1177 1127 1279 Jonas

489 1364 669 1387 ΜΝΟΟΟΜΙ

83 1483 195 1534 tGueii.
206 1487 232 1534 2.
242 1485 320 1534 Botis.
330 1486 427 1535 omittit
439 1487 503 1543 Quid
512 1486 613 1539 stri-o
629 1488 702 1539 Rich.
714 1488 858 1549 Bentleius,
870 1487 903 1536 V.
922 1486 963 1537 ci.
980 1487 1013 1536 sd
1032 1487 1126 1538 Horati

83 1562 113 1597 m.
126 1562 146 1598 1.
159 1553 198 1597 lo.
209 1553 251 1598 81.
262 1563 295 1598 ex
307 1550 409 1600 Donato
420 1559 447 1601 et
458 1551 540 1600 Codri.
557 1553 660 1614 Fnimi,
672 1553 718 1602 sed
729 1561 757 1602 et
768 1567 784 1602 e
795 1553 894 1601 dnobus
911 1552 1069 1601 Britannicis
1080 1566 1126 1615 op-

83 1614 270 1674 enoiasiegit,
288 1613 362 1670 Quin’
377 1615 455 1663 omnin
470 1616 677 1680 sitipostpstnrit.
710 1617 753 1666 Sic
765 1619 833 1667 Hec.
845 1628 887 1666 nr.
899 1621 923 1665 8.
937 1620 978 1665 88.
1011 1617 1127 1665 Praeatat

83 1690 118 1726 an
127 1679 273 1741 postpuiueit
283 1679 379 1740 iercre,
389 1680 429 1727 vei
440 1679 510 1741 ideo,
522 1681 589 1745 quod
602 1695 678 1730 versu
690 1695 744 1746 seq.
757 1682 835 1730 eriam
846 1676 1051 1730 1νιπε1κ111111ο11.
1067 1681 1125 1731 ΕΡ.

87 1755 140 1790 saco
150 1757 171 1791 c.
189 1743 273 1792 West.
307 1743 356 1798 Qui
365 1744 443 1792 omia
451 1745 497 1792 sibi
506 1751 559 1808 post
567 1747 659 1808 pertarit
677 1760 725 1795 esse
740 1760 791 1809 pre
802 1760 852 1794 meo
862 1743 989 1806 modo]
1008 1746 1058 1794 Do.
1077 1758 1125 1807 pro

83 1842 87 1865 ,
98 1805 165 1869 legit
176 1805 258 1860 Quia:
275 1806 362 1855 dicens
373 1807 527 1858 admirative
539 1810 771 1872 pronuntiandum:
788 1818 816 1859 et
828 1810 866 1860 its
876 1810 954 1858 habet
965 1810 999 1857 V.
1010 1809 1048 1858 ita
1058 1817 1086 1858 et
1096 1808 1124 1858 in

83 1869 157 1918 airino
176 1869 339 1919 emendatam
357 1878 416 1921 estr
432 1874 519 1938 itaque
538 1875 616 1923 etianr
635 1875 717 1938 exigit
736 1888 835 1935 vernn,
854 1875 897 1939 qni
916 1881 957 1924 est
976 1873 1124 1923 octonarius

83 1934 171 1984 biens:
189 1934 235 1982 red
248 1937 269 1983 si
280 1937 349 1998 tegas
362 1936 427 1992 Quia
436 1938 535 2000 putarit,
545 1952 595 1986 non
605 1939 737 1999 convenit,
748 1938 794 1986 sed
804 1939 911 2000 putonii:
923 1937 991 2000 quod
1003 1947 1031 1986 et
1042 1939 1125 2000 ipsum

84 1998 168 2074 liquot
179 1999 250 2046 libris
262 2000 366 2063 scriptis
379 2001 480 2050 inveni:
497 2010 537 2051 est
548 2010 633 2052 cirtem
646 2004 749 2064 pienum
762 2003 849 2062 Quinc,
868 2010 897 2051 nt
917 2003 1050 2053 ‘Quemne
1068 2002 1125 2064 ipss

83 2062 146 2128 purs'
162 2062 400 2126 deiudeabjectoe,
412 2073 529 2114 remanet
541 2066 615 2121 Quin.
631 2068 678 2115 Fa.
713 2066 787 2121 Quis'
803 2067 881 2114 omniu
899 2065 945 2113 siti
962 2071 1017 2128 posi
1030 2066 1125 2128 putauit

83 2141 138 2191 proe
149 2141 198 2175 meo
208 2131 323 2176 omnmodo
329 2144 339 2186 ,·
350 2130 595 2191 Maledicta,samnm,
605 2146 681 2180 meum
691 2145 801 2190 umorem,
811 2135 835 2178 et
844 2134 964 2192 peccam
974 2130 1001 2177 ia
1010 2143 1035 2177 se
1046 2134 1125 2178 troar-

85 2223 93 2238 .
128 2191 237 2240 Codices
254 2191 358 2256 quidem
379 2195 532 2243 uetustiores
550 2196 708 2257 postputarit:
733 2195 783 2242 duo
802 2194 946 2242 mediocres
963 2193 1125 2256 postpuiouit:

83 2271 115 2305 mr
125 2269 222 2318 omues,
234 2262 329 2319 praeter
341 2257 405 2306 duos
418 2259 578 2319 veterrimos,
599 2259 646 2314 era'
657 2273 705 2321 pro
718 2257 806 2313 Quine-
834 2256 954 2319 ‘Quine‚'
969 2256 1125 2317 ‘Quemue,’

93 2319 257 2384 subjunctivo
269 2335 342 2384 quarn
354 2321 502 2371 Indicativo
509 2322 664 2387 junguntur.
696 2323 764 2380 nege
777 2322 868 2384 igitur,
886 2321 1031 2384 postputuoit
1038 2338 1049 2379 ,⁰
1064 2318 1140 2385 qutia‘

83 2385 155 2446 uitur,
166 2385 173 2411 ‘
183 2384 331 2434 transtulit!
358 2384 458 2434 Deinde
469 2401 517 2450 pro
527 2401 551 2435 ae
560 2387 618 2451 lege
630 2401 686 2435 rese.
715 2386 855 2447 Maledicta,
868 2386 967 2448 fumum,
978 2401 1053 2435 meum
1063 2401 1126 2434 unro-

86 2455 111 2499 ό
121 2453 241 2511 peccatum
251 2449 337 2498 insere
349 2451 479 2499 iconatuiit.
497 2451 575 2501 Beni.
609 2450 687 2506 Quinc
697 2451 774 2500 Botis.
802 2451 862 2499 Post
871 2451 964 2512 putarit
976 2451 1022 2499 Br.
1038 2451 1125 2500 ‘Ver-

84 2548 93 2575 ,
103 2513 130 2562 i
142 2527 192 2588 qno
202 2513 241 2560 vei
253 2513 411 2562 emendando
421 2516 461 2563 vei
473 2515 627 2577 exponendo
639 2515 788 2564 laborarunt
797 2514 909 2564 editores
919 2520 946 2563 et
957 2514 1127 2576 interpretes,

83 2578 625 2705 iniriiiirtffluitffi‘tiiit?iii
639 2577 1125 2704 itiris‘iriitzttitinr:n

83 2705 152 2766 Quin,
160 2711 188 2753 et
198 2705 241 2752 aiii
256 2706 342 2761 Quine-
368 2707 392 2756 N
395 2721 423 2754 os
436 2705 499 2754 iliud
510 2720 569 2755 eum
580 2706 622 2755 ed.
632 2712 719 2755 nostra
731 2711 828 2764 vetere,
839 2677 956 2764 Erasr’no,
967 2713 994 2754 et
1006 2704 1122 2767 pluribus

94 2767 266 2833 preterimus,
276 2769 343 2833 quod
357 2769 511 2832 respondeat
522 2771 557 2832 rqi
570 2769 672 2818 ‘illine'
706 2769 773 2817 uum
784 2767 912 2817 fluctuant
922 2768 996 2818 codd.
1006 2769 1031 2816 in
1045 2768 1124 2818 uerbo

83 2834 189 2896 putarim
207 2849 254 2896 pro
267 2848 317 2898 quo
333 2834 375 2883 aiii
384 2834 538 2897 postpuiorit,
550 2835 617 2898 quod
631 2833 757 2895 penderet
769 2848 802 2881 ex
814 2833 863 2880 isto
876 2831 949 2892 Quin,
962 2848 977 2880 a
993 2832 1065 2880 nobis
1084 2847 1124 2882 re·

83 2913 105 2950 o.
122 2952 123 2957 ,
139 2897 233 2962 Neque
245 2912 307 2946 vero
321 2912 449 2947 moramur
469 2897 495 2947 in
516 2898 646 2962 permixte
661 2897 772 2946 lectione
789 2896 933 2946 ed.nostrae
951 2896 1056 2958 veteris,
1074 2897 1124 2953 Qut

83 2961 163 3013 iasiii
170 2965 326 3024 postponendo
336 2962 429 3025 putarit
439 2977 489 3024 pro
498 2977 530 3012 m.
542 2979 563 3012 c.
596 2962 665 3011 lituu
682 2963 789 3025 ponendo
805 2967 877 3010 certe
890 2975 905 3009 a
916 2960 1060 3023 glossatore
1072 2956 1123 3024 est‘,

83 3040 134 3077 non
146 3027 298 3076 meminerat
317 3027 399 3076 simiie
420 3026 487 3076 Heu.
504 3041 548 3076 ιιι.
567 3031 591 3077 i.
608 3028 652 3087 (ai.
669 3025 709 3088 8.)
725 3041 761 3075 vs.
773 3029 813 3074 88.
828 3025 909 3074 ‘Corn
921 3031 948 3074 tc
960 3031 1124 3087 postputasse

83 3105 117 3141 res
128 3106 170 3139 res
182 3105 236 3152 prae
249 3100 356 3152 parente
368 3089 503 3153 intelligo!
535 3092 570 3140 Et
589 3090 626 3139 ibi
644 3091 739 3140 rectius
751 3090 942 3153 conjunguntur
953 3087 978 3137 iu
990 3103 1066 3138 unam
1080 3103 1123 3139 uo·

83 3191 95 3221 ‚
123 3140 1125 3284 1ῑ111111111111111511.333ε11..111;.1“.ἑ·;.·ῑ

89 3254 295 3349 quamvis’eriam
306 3299 364 3333 cum
376 3284 491 3345 Erasmo,
501 3283 584 3333 Wert.
598 3285 707 3348 aliisque
719 3284 790 3346 legas
803 3282 851 3338 Qui
870 3281 947 3332 omniu
963 3282 1010 3331 sibi
1025 3288 1123 3345 postpa-

83 3353 148 3397 ieasc
156 3363 207 3410 prae
218 3364 251 3397 m.
267 3364 288 3398 e.
300 3348 369 3413 (quse
382 3348 476 3396 rectior
486 3349 531 3396 iiia
543 3346 615 3404 Quin'
624 3349 702 3397 omnia
713 3347 760 3396 sibi
775 3348 919 3410 postputarit
929 3360 978 3395 usae
986 3361 1038 3409 pra
1045 3361 1078 3395 m.
1089 3345 1124 3410 c.)

84 3419 193 3463 ttamen
203 3413 337 3463 octonario
349 3413 374 3460 iu
386 3412 493 3474 ultimis,
526 3413 577 3460 uod
589 3413 722 3476 explemus
733 3412 825 3461 vocula
835 3427 889 3473 uuo,
900 3411 1054 3474 interposita
1063 3424 1124 3460 eon·

83 3475 110 3526 ri
122 3480 131 3506 ⁴
141 3474 253 3538 omni13'
270 3476 348 3541 idque
359 3476 480 3524 omissum
496 3427 609 3525 iiirrcriis
619 3484 753 3526 corrector
763 3475 870 3537 margini
882 3475 1036 3538 ascripserat
1046 3488 1061 3523 c
1072 3489 1125 3538 qua

83 3557 87 3590 i
100 3541 127 3591 in
138 3547 215 3591 textu
225 3542 348 3590 mendose
359 3541 466 3589 utilitum
477 3540 511 3604 τῷ
523 3539 573 3595 Qui
590 3541 710 3603 provenit
721 3540 784 3589 iilud
798 3540 886 3602 Quinc,
895 3538 963 3604 quod
976 3539 1064 3588 turbas
1076 3538 1122 3587 iras

83 3606 110 3656 it.
143 3606 229 3654 Unum
241 3613 327 3655 antem
344 3604 503 3654 commodum
521 3602 586 3653 dicit
606 3605 712 3666 Noster,
728 3604 795 3668 quod
811 3604 866 3667 jam
883 3602 985 3653 fruatur
1005 3615 1070 3660 ωας
1087 3600 1122 3650 of.

86 3683 137 3721 ,tn
149 3674 173 3720 8.
183 3669 233 3719 80!
245 3670 303 3734 Bip.
333 3669 420 3732 Quinc]
434 3667 502 3717 iliud
513 3682 542 3716 ne
554 3667 657 3717 videtur
668 3669 801 3718 abundare
811 3674 841 3716 nt
851 3667 920 3730 apud
932 3667 1026 3715 Horat.
1039 3665 1124 3715 Serm.

83 3740 102 3787 i.
111 3739 153 3784 21.
169 3734 273 3785 ‘Quine
288 3733 404 3798 putetis:
421 3736 470 3783 &e
481 3732 525 3781 ubi
537 3731 589 3780 rid.
600 3733 677 3784 Bent.
695 3735 727 3782 ii.
740 3734 776 3782 D.
809 3733 860 3781 Pro
871 3747 920 3781 meo
931 3727 1021 3780 Guelf.
1030 3728 1121 3778 2.-18

83 3798 153 3862 m]
169 3799 248 3860 Vuig.
266 3814 367 3848 cruorem
375 3814 385 3856 ,·
400 3798 470 3862 quod
488 3811 564 3861 qnam
580 3795 672 3846 falsum
685 3798 729 3861 sit,
745 3809 821 3846 neruo
831 3796 961 3844 hominum
972 3793 1121 3843 criticorum

83 3865 119 3914 ir.
151 3862 190 3913 At
208 3862 240 3912 ab
256 3864 364 3912 Erasmo
375 3863 402 3911 in
413 3861 455 3911 ed.
472 3860 583 3911 Froben.
595 3875 614 3910 1.
627 3868 655 3910 et
666 3876 724 3926 sqq.
734 3861 863 3910 veriorem
875 3859 1012 3909 lectionem
1025 3857 1122 3921 asemp-

90 3928 255 3979 inuenimus:
273 3928 353 3977 ‘alias
365 3925 481 3976 hiemem!
513 3925 682 3975 Recentiores
701 3923 896 3985 omisere..Bip.
928 3922 1007 3984 Vulg.
1019 3921 1122 3982 sunan.

83 4006 228 4043 nutriorem.-
245 3991 345 4042 vitiose.
362 3993 436 4041 Botis.
450 3990 493 4054 qni
512 3990 592 4052 igitur
608 3990 672 4051 legit
682 3988 708 4048 s.
719 3987 917 4048 wicrammum,
927 3991 982 4048 cip.
993 3986 1020 4035 in
1030 4000 1121 4035 sese.-

83 4058 141 4108 iias.
160 4057 274 4120 qnidam,
294 4056 365 4105 Niirii
383 4069 455 4118 supro
472 4059 557 4118 potest.
589 4054 661 4104 Libri
678 4054 779 4116 quidam
800 4050 906 4112 vetusti,
942 4059 983 4100 ost
999 4049 1057 4101 ΕΑ.
1074 4050 1124 4100 Sed

83 4137 139 4172 m
145 4120 216 4180 sores
225 4119 336 4184 crepui?
352 4118 438 4184 Atque
448 4120 487 4168 ite
498 4119 619 4187 Heinsius
631 4116 769 4173 recensuit
800 4117 865 4169 Mss.
876 4066 989 4181 qutiens,
1000 4114 1050 4165 Sed
1059 4115 1122 4178 quis-
