2678 4694
332 322 566 371 rrronrrronrs
589 321 672 370 scr.
697 323 728 370 v.
753 323 805 370 sc.
830 321 895 368 vu.
1075 303 1161 367 1031

64 461 158 539 Quia
171 483 213 527 ne
224 463 362 528 alteram
379 464 513 546 quidem
528 463 619 528 illam
635 468 755 546 potero
770 463 911 527 ducere:

63 561 155 627 Nam
170 583 238 646 quo
251 565 365 629 redibo
378 585 435 628 ore
450 563 492 628 ad
510 584 595 642 eam,
612 583 713 646 quam
727 561 986 628 contemseriml

62 662 185 728 cnnn.
196 665 285 729 Tum
299 672 422 742 antem,
437 664 663 746 Antiphonem
679 665 778 729 video
794 665 837 728 ab
850 681 925 726 sese
940 662 1093 727 amittere
1116 663 1160 728 25

62 764 211 831 Invitum
225 786 319 846 eam;
341 767 452 849 inque.
496 765 567 828 ΒΕ.
589 764 676 829 Tum
688 771 797 829 aulem
813 762 911 829 video
925 763 1030 827 filiurn

63 866 210 930 Invitum
227 885 307 930 sane
318 867 491 930 mulierem
506 866 550 929 eb
563 884 600 929 se
615 866 774 931 amittere.

65 966 133 1031 Sed
148 969 251 1032 transi
267 967 369 1033 sodes
384 967 426 1031 ad
441 965 562 1045 forum,
577 971 680 1048 etque
695 965 780 1031 illud
794 965 877 1030 mihi

63 1066 244 1149 Argentum
259 1088 387 1133 rursum
396 1068 480 1150 jube
495 1069 643 1146 rescribi,
656 1067 824 1135 Phormio.

65 1169 185 1234 Prion.
201 1167 345 1248 Quodne
359 1188 423 1252 ego
433 1169 614 1252 perscripsi
629 1188 729 1251 porro
742 1171 822 1249 illis,
838 1170 961 1256 quibns
976 1169 1100 1239 debuit
1115 1169 1160 1237 80

61 1347 128 1396 illam
138 1347 265 1409 virginem,
274 1363 326 1412 pere
340 1348 400 1398 mili
409 1362 492 1411 sponoe
503 1350 565 1406 erut,
571 1351 651 1407 potero
662 1360 760 1397 exorem
770 1348 870 1397 boloe:
887 1362 941 1397 oum
948 1349 1058 1411 quomodo
1068 1351 1161 1410 potero,

60 1412 110 1460 oriri
118 1412 164 1460 eim
173 1411 300 1472 insignior
310 1414 439 1476 impudens,
449 1427 500 1460 eom
513 1413 599 1459 iterum
614 1417 702 1473 petere,
719 1426 789 1474 quom
803 1414 937 1474 reopnerim.
971 1413 1023 1461 Crr.
1042 1413 1078 1460 Ta
1088 1410 1160 1459 etium

61 1476 120 1532 dior
135 1476 201 1523 oideo
210 1480 327 1536 pretereo
336 1476 494 1538 Antiphonem
504 1473 737 1536 impolieuterferre‚
756 1481 781 1524 et
791 1490 835 1524 uon
847 1475 895 1523 aiei
903 1480 1008 1524 conolom
1015 1477 1077 1538 poti,
1087 1489 1138 1522 eum
1145 1487 1162 1520 o

60 1539 210 1588 reduendi.
242 1539 293 1590 De.
312 1540 461 1589 lbmootem
469 1539 552 1601 filium
570 1537 636 1587 uideo
654 1540 805 1602 impatienter
822 1544 846 1587 et
857 1553 903 1587 ooo
914 1540 961 1587 obi
972 1538 1160 1598 emonensem,

60 1604 182 1651 moliorem
191 1618 206 1651 o
215 1617 239 1651 oe
248 1602 369 1652 abstrahi:
384 1605 424 1650 sed
433 1608 589 1663 honuomao,
596 1605 718 1665 qooeso,nd
723 1603 815 1663 soram,
825 1602 947 1661 Phormio,
958 1607 981 1650 et
993 1601 1095 1663 misto
1105 1601 1161 1648 illua

62 1666 148 1728 minoe,
158 1682 216 1728 qous
234 1667 279 1715 tibi
295 1666 424 1728 dedi,jobe
441 1666 500 1714 mihi
517 1665 547 1714 ab
563 1667 707 1727 argentorio'o
722 1667 876 1716 reortmernsa'.
907 1666 964 1716 Ριι.
981 1666 1020 1714 Aa
1030 1666 1090 1713 illud
1099 1663 1161 1726 polio

59 1735 186 1791 urgentem
196 1729 241 1779 tibi
251 1731 318 1780 reddi
335 1732 395 1793 qaod
411 1729 566 1779 creditoribus
581 1730 639 1778 meio
648 1746 691 1793 prr
701 1731 842 1792 scriptorum
856 1729 1047 1791 argentariorum
1058 1726 1160 1778 reddidi.

59 1970 107 2019 Fa.
143 1967 216 2018 Alter
227 1984 258 2018 ex
272 1968 416 2022 Mendianis
426 1973 508 2023 Satio:
533 1974 624 2038 reliqui
646 1974 727 2025 Sotio.
760 1974 849 2037 Lego:
867 1973 936 2022 Sutia
952 1971 1114 2034 polonperbe:
1131 1975 1161 2021 nt

59 2033 162 2082 licant.
175 2038 250 2082 uad.
262 2038 287 2082 1.
303 2036 389 2085 ‘Satis
408 2040 450 2100 pol
472 2038 611 2100 proterve!
627 2040 702 2088 Boot.
717 2052 792 2102 quern
805 2037 921 2100 seqnitur
934 2037 1011 2084 Both.
1043 2035 1112 2082 Sulis
1120 2048 1160 2082 oa-

57 2097 131 2159 perbe
141 2097 244 2146 illuditis
253 2097 301 2160 me]
324 2099 368 2149 Ita
378 2102 447 2162 lego,
458 2101 527 2164 qnod
546 2102 571 2149 in
591 2103 720 2164 plerisque
732 2100 814 2150 codd.
826 2108 876 2148 est.
910 2096 964 2147 Alii
975 2111 1033 2146 cum
1045 2097 1159 2156 Donato,

60 2159 145 2211 Sotin',
152 2162 250 2223 superbe
260 2162 362 2211 illuditis
372 2168 424 2211 mel
449 2165 534 2212 nullus
545 2169 631 2212 auteur
651 2164 846 2225 interrogationi
861 2163 934 2210 locus
945 2168 995 2209 est.
1017 2160 1160 2210 wera-et

63 2224 117 2298 er
124 2238 164 2272 ore
176 2227 207 2273 nd
227 2239 279 2274 eum
296 2225 376 2274 redibo
390 2227 531 2276 Both-en
550 2225 630 2275 Abest
639 2227 705 2276 uideo
716 2225 827 2275 aGnelf.
839 2229 935 2299 2.-28.
949 2224 1038 2272 Hicin
1049 2223 1112 2272 Wit.
1121 2222 1160 2300 ln:

60 2287 1160 2416 illitteratihi?r1ltilslld'sslrllttlliltritt{titiill!

60 2414 139 2464 rentii
148 2415 289 2478 Persortpri.
323 2416 437 2465 Faiirnus
449 2423 568 2477 testatur,
579 2418 605 2465 in
616 2433 640 2466 o.
652 2416 709 2466 fere
721 2418 738 2467 l.
751 2432 772 2467 s.
783 2431 839 2466 esse
851 2416 993 2478 Descripsi3
1017 2413 1064 2463 sed
1080 2414 1159 2463 Bern-

60 2477 150 2526 binunr
161 2479 248 2541 legere
260 2479 390 2542 Diecripoi,
399 2480 469 2544 quod
481 2481 583 2544 probat,
594 2489 621 2529 et
635 2483 733 2530 Parcus
742 2481 835 2541 edidit,
846 2488 873 2530 et
885 2481 951 2530 citat
962 2479 1050 2529 Bentl.
1061 2477 1096 2530 ad
1104 2477 1160 2528 Ho-

62 2551 113 2591 rat.
122 2541 149 2591 S.
159 2554 192 2590 11.
203 2547 227 2591 ³.
237 2546 279 2591 ⁷6.
292 2552 319 2592 et
331 2544 415 2606 Epist.
427 2557 458 2593 ιι.
469 2548 493 2592 l.
506 2549 562 2593 1⁰6.
581 2545 724 2594 Palmerins
736 2544 911 2604 existimabat,
919 2544 1068 2592 Terentium
1078 2543 1159 2604 scrip·

61 2605 136 2660 tim,
147 2605 246 2660 Quodne
256 2620 299 2667 ego
317 2607 444 2668 perscripsi
458 2623 529 2670 porro
545 2608 610 2669 aliis,
620 2625 648 2657 ec
658 2607 754 2658 dididi?
778 2607 853 2657 Idem
863 2622 895 2656 ex
908 2608 958 2656 Ms.
967 2606 1059 2655 laudnt
1073 2605 1159 2655 Chris·

61 2667 136 2731 toplt.
148 2669 257 2718 Colerna
275 2670 307 2719 ad
327 2670 352 2718 lr.
364 2672 381 2719 l.
413 2671 495 2721 Janno
506 2671 658 2722 Gulielmius
670 2673 695 2721 in
708 2673 820 2721 Mercat.
832 2672 932 2722 Quaeri.
942 2684 1003 2732 cap.
1016 2674 1040 2718 1.
1061 2668 1160 2723 Quodne

61 2745 106 2793 ego
114 2734 241 2795 perscripsi
249 2748 320 2796 porro
328 2734 369 2796 iio,
376 2734 458 2796 quibus
468 2734 566 2787 didisti?
587 2736 620 2784 In
630 2735 719 2786 Hnlst.
731 2737 829 2786 diserte
839 2735 878 2784 bis
889 2735 995 2798 legitur,
1008 2733 1106 2787 Quodne
1116 2747 1160 2794 ego

555 2870 664 2923 NOTAE

95 2985 129 3031 ²⁹
145 2982 318 3042 Ruimt‘vbt
335 2984 444 3046 rescribi]
468 2983 590 3034 Scribere
632 2987 700 3048 tius;
717 2986 859 3037 ‘Putidins
869 2987 950 3034 nrnlto
961 2982 1096 3032 cerebrum
1109 2988 1160 3042 est,

61 3071 179 3107 nummos
195 3058 318 3107 dicuntur
330 3057 472 3108 creditores
483 3060 589 3122 pecuni·
631 3063 691 3112 mihi
711 3062 799 3124 crede,
818 3061 908 3112 Perilli
927 3057 1067 3116 Dictantis,
1089 3054 1159 3120 quod

61 3147 144 3190 arum,
156 3133 336 3197 quibusmoris
345 3141 412 3198 erat,
423 3139 454 3183 nt
464 3134 490 3183 in
501 3149 591 3199 argen-
632 3145 660 3187 tn
680 3152 810 3202 nunqnam
823 3136 964 3186 rescribere
982 3131 1083 3197 poeste:
1107 3132 1157 3180 Re·

61 3211 195 3276 tariornm,
216 3207 286 3275 apud
308 3227 373 3276 qnos
391 3212 513 3277 pecunias
533 3228 591 3263 snas
632 3214 746 3264 scribere
758 3219 925 3263 estmntmnn
946 3224 992 3274 per
1003 3208 1159 3273 scripturam

58 3287 231 3345 collocarunt,
250 3285 345 3336 tabulis
357 3303 500 3351 expensum
512 3290 591 3340 alicui
631 3304 727 3339 mensae
739 3289 858 3350 reddere,
881 3301 938 3336 cnm
950 3284 1072 3335 mandato
1087 3281 1159 3332 debl-

60 3362 171 3424 ferrent,
177 3367 206 3411 et
217 3361 362 3423 argentario
371 3363 397 3410 id
407 3365 590 3416 nomeudicta-
632 3363 706 3427 toria,
717 3365 760 3429 qni
772 3362 908 3428 pecuniam
925 3376 997 3410 snam
1008 3359 1076 3424 apud
1088 3372 1159 3407 men·

59 3443 129 3487 rent.
161 3437 303 3487 Horatius:
329 3435 434 3486 ‘Scribe
461 3438 552 3487 decem
576 3454 591 3487 a
630 3452 683 3485 sain
694 3439 863 3502 deposuerat,
885 3437 1036 3497 mensarios,
1053 3434 1158 3483 siverr-

61 3511 159 3562 Nerio:
176 3525 227 3560 non
250 3517 289 3560 est
309 3511 390 3561 satis:
408 3509 475 3560 adde
497 3512 590 3562 cicntae
632 3513 763 3575 gontarius
775 3511 878 3561 ferebat
889 3517 1027 3573 acceptum
1045 3507 1159 3556 credito·

59 3586 161 3638 Nodooi
173 3584 273 3636 tabulas
286 3587 409 3638 centum.'
426 3588 589 3650 Rescribere,
632 3588 661 3636 ri.
677 3587 816 3636 Sciendum
830 3591 880 3647 est,
891 3591 993 3633 veteres
1006 3581 1075 3645 apud
1087 3593 1158 3630 men·

60 3661 201 3713 dicebatur
217 3662 340 3722 debitor;
358 3664 401 3728 qul
412 3669 526 3712 mutuam
543 3679 589 3727 pe·
606 3656 612 3668 ’
630 3677 694 3724 sam,
704 3676 820 3724 magnam
831 3659 948 3724 pecuniae
965 3666 1066 3720 partem
1078 3657 1159 3719 depo·

61 3738 164 3788 cuniam
175 3737 304 3787 reddebat
320 3740 360 3786 rel
373 3753 420 3801 per
432 3753 470 3800 se,
481 3740 521 3787 vel
543 3755 590 3803 per
630 3740 719 3787 unisse.
737 3738 800 3786 Cum
813 3750 860 3800 per
872 3732 1046 3799 argentarium
1055 3730 1159 3780 debitor

62 3813 204 3876 argentarii
227 3813 389 3877 scripturam,
411 3815 497 3879 quiin
520 3814 590 3864 codi·
630 3813 758 3874 solvebat,
770 3811 907 3862 dicebatur
926 3824 958 3858 ex
970 3820 1066 3857 mensas
1078 3805 1159 3868 scrip·

62 3904 121 3939 cem
140 3901 212 3937 suurn
232 3887 365 3937 referebat
382 3903 418 3937 aes
441 3889 551 3938 alienum
575 3905 590 3939 a
631 3893 688 3937 tura
700 3888 726 3936 id
737 3887 803 3936 lieri.
819 3886 864 3934 Sin
876 3885 932 3949 ipse
943 3877 1159 3932 debitorsatisfa·

60 3964 180 4015 debitore
202 3962 324 4013 creditori
354 3977 410 4013 esse
430 3964 589 4016 dissolutum.
631 3962 728 4025 ciebat,
745 3961 881 4012 dicebatur
902 3959 935 4010 de
956 3958 1042 4021 domo,
1064 3957 1105 4008 rel
1124 3969 1157 4005 ex

62 4040 194 4111 describi,
211 4041 247 4091 ait
256 4040 375 4091 Donatus
387 4048 427 4090 est
438 4043 521 4104 reddi,
543 4057 589 4092 seu
631 4054 692 4092 arca
701 4037 840 4090 numerari.

62 4131 111 4184 per
132 4129 226 4169 mensor
245 4115 401 4180 scripturam
422 4115 486 4167 dari.
504 4117 589 4168 Hora·
