2678 4694
190 295 255 361 932
566 305 598 353 r.
620 302 805 350 runnuru
830 302 919 350 arur

191 454 241 518 Ut
255 470 360 535 neque
375 449 456 512 mihi
469 448 540 531 ejus
555 446 599 510 sit
613 444 788 511 omittendi
805 464 867 508 nec
882 442 1046 508 retinendi
1061 443 1179 525 copia.

106 580 110 587 ·
191 554 263 619 Sed
286 550 364 635 quid
387 549 451 613 hoc
475 550 551 612 cstl
575 546 707 612 videon'
722 566 783 628 ego
801 545 927 610 Getam
942 549 1128 608 currentem
1151 543 1218 607 huc
1240 544 1293 608 ad·

324 649 461 714 venircl
1252 642 1292 709 25

197 753 235 817 Is
251 756 302 816 est
316 752 432 832 ipsus:
455 748 511 812 hei
527 747 630 812 timeo
646 748 761 826 misor,
788 766 886 831 quam
901 744 956 809 hic
972 765 1058 809 nuuc
1074 746 1160 809 mihi
1176 746 1294 810 nuntiet

324 871 404 916 rem·

196 1033 248 1068 enm
259 1021 347 1065 sturm
363 1013 478 1075 conjectus
488 1029 548 1075 som,
560 1020 586 1062 ut
603 1029 676 1077 neque
688 1017 747 1064 milri
762 1021 866 1077 potestas
880 1016 914 1064 ait
930 1013 1092 1076 relinquendo
1111 1027 1156 1062 nec
1175 1014 1295 1063 retinendo

195 1081 308 1141 virginis,
329 1095 399 1142 qnam
417 1078 530 1142 ponidw.
565 1079 611 1127 Sol
633 1080 689 1141 quiet
711 1081 753 1127 loe
772 1085 823 1128 est?
848 1095 904 1128 veum
925 1078 1040 1137 conspicio
1064 1078 1158 1126 Qum
1173 1083 1296 1128 ementem

195 1141 397 1272 queerffiqperorel
414 1143 496 1204 irione
515 1148 560 1190 est.
588 1143 630 1192 Me
646 1142 775 1191 miserum!
791 1149 867 1192 metuo
883 1158 912 1192 ne
928 1141 987 1192 nint
1003 1143 1181 1210 nnnc-tristent
1196 1144 1296 1192 nanttan

200 1392 273 1456 pouit
282 1392 359 1440 Bent.
371 1393 511 1439 comittere.
545 1391 551 1417 ‘
565 1390 644 1452 Vulg.
658 1388 779 1449 Retinere,
788 1404 877 1450 amore,
888 1391 1005 1440 amittere.
1036 1390 1166 1440 Amittere
1177 1401 1296 1442 correcto·

200 1471 255 1505 reru
266 1456 364 1504 invenit
374 1455 620 1515 Bentlcium,omore
637 1452 840 1514 Sclrmiederum,
852 1456 934 1502 virum
953 1454 1146 1516 doctissimum,
1162 1457 1190 1504 in
1209 1470 1297 1517 nupera

200 1520 316 1568 editione
328 1517 436 1568 Nostri!
453 1519 527 1566 Belli.
551 1518 595 1581 qui
606 1516 665 1564 iude
678 1517 722 1564 dat
735 1516 850 1565 Retinere
861 1517 1119 1568 umoremonmittere.
1155 1520 1296 1582 ltaetllip.

199 1592 292 1633 notans
315 1583 323 1610 ⁸
345 1583 424 1645 Vulg.
442 1582 551 1630 absurdo
571 1580 692 1635 Retinere,
711 1594 799 1642 ornare,
819 1583 939 1642 amittere,
959 1589 987 1630 et
1010 1582 1046 1630 nic
1065 1582 1146 1633 codd.
1174 1585 1296 1632 Bentleins

200 1649 319 1697 ultimum
332 1647 439 1708 corrigit
449 1660 481 1693 an
490 1646 594 1694 mittere.
626 1645 678 1694 Sed
696 1645 783 1707 priora
794 1659 869 1693 nenio
881 1644 1083 1696 correxit.'-2t
1100 1647 1157 1694 Pro
1174 1647 1224 1708 ejus
1239 1648 1296 1710 (luy.

201 1710 338 1760 substituit
343 1711 395 1769 jus.
428 1708 480 1758 Sed
492 1709 571 1765 vincit
581 1707 611 1756 τὸ
622 1708 736 1768 quacum
749 1709 867 1759 codicum
879 1724 995 1770 numero,
1006 1717 1062 1758 tum
1072 1711 1217 1774 elegantia.
1233 1711 1296 1760 Iden

201 1781 287 1825 autern
296 1773 368 1822 dicet
379 1771 495 1834 Antipho
506 1770 573 1821 intra
582 1786 626 1823 ur.
638 1776 663 1820 a.
674 1776 716 1820 22.
742 1773 814 1821 Wot.
848 1773 1049 1836 Elegantissime
1059 1781 1088 1822 et
1098 1776 1245 1824 certissima
1253 1777 1296 1824 lec·

202 1839 240 1886 tio
254 1844 305 1896 est,
316 1851 393 1900 quam
405 1837 429 1882 in
442 1836 542 1884 (luobus
555 1835 646 1897 Regiis
657 1844 683 1882 ct
695 1849 747 1882 nuo
758 1835 916 1887 Academico
928 1838 1043 1900 repperi,
1054 1844 1082 1886 et
1093 1838 1218 1902 Guyetus
1229 1840 1296 1888 ioco·

202 1901 262 1948 dice
274 1901 402 1954 Puteano‚
418 1899 451 1946 Ut
460 1913 532 1960 neque
540 1899 573 1946 mi
584 1901 627 1960 jos
637 1899 669 1946 rit
679 1898 815 1961 omittendi,
825 1915 868 1948 nee
883 1901 1000 1950 retinendi
1010 1902 1087 1964 eopia.
1105 1899 1188 1953 Boot.
1220 1903 1297 1952 lussit

202 1964 280 2012 Both.
314 1962 365 2011 Sed
378 1962 504 2022 vulgatam
515 1963 575 2010 lect.
588 1959 733 2010 defendunt
751 1964 812 2025 Bip.
832 1965 902 2014 Pcrl.
920 1972 947 2014 ct
963 1967 1070 2014 Servius
1082 1965 1115 2013 ad
1127 1968 1187 2016 AEn.
1200 1982 1239 2017 xr.
1250 1971 1296 2016 ott.

201 2027 345 2090 probatque
357 2026 493 2074 Ruhnken.
527 2024 615 2074 Guelf.
627 2030 651 2075 1.
664 2039 714 2073 sion
727 2026 806 2076 habet
820 2027 872 2086 ejus
881 2028 987 2077 ein-so
1005 2027 1051 2078 Al.
1069 2031 1296 2080 videone...oaeenirt

202 2093 328 2140 luet-26
344 2089 375 2138 Τὸ
383 2095 418 2138 est
429 2089 504 2139 abeat
515 2090 593 2139 Botlr.
639 2090 647 2117 ‘
658 2091 708 2139 Ma
718 2089 782 2139 Wit.
793 2097 822 2139 et
833 2092 889 2140 ΕΡ.
900 2098 924 2141 et
935 2093 1022 2141 umen.-
1041 2093 1112 2155 quod
1124 2093 1196 2144 forte
1206 2108 1297 2157 expres·

204 2152 694 2217 sumexMss.quoruudnm‚eitinteo.'
712 2154 795 2202 West.
829 2155 862 2203 G.
881 2157 1019 2217 qrammili
1029 2157 1127 2205 nuntiet
1144 2173 1204 2207 rem.
1234 2159 1295 2208 Bodl.

204 2234 274 2280 qnam
284 2219 343 2266 milo
354 2233 415 2266 none
427 2218 464 2265 liic
475 2219 570 2267 nuntiet
580 2231 638 2265 rein.
671 2216 726 2265 Alii
744 2218 802 2266 libri
822 2219 906 2267 aliter.
924 2220 999 2268 Iden.
1035 2222 1129 2270 Nostri
1141 2224 1243 2272 codices
1253 2236 1295 2269 ne·

205 2284 269 2332 lioro
282 2295 397 2342 numero,
407 2297 477 2343 quom
487 2283 525 2329 nie
534 2282 591 2330 milri
600 2295 661 2329 nune
672 2281 765 2330 nuntiet
774 2297 824 2330 rem
831 2282 908 2332 Bcut.
943 2284 976 2331 Et
989 2285 1061 2332 timeo
1071 2300 1104 2333 en.
1114 2301 1140 2348 q.
1149 2287 1175 2338 lt.
1186 2288 1296 2336 inclinant

204 2345 250 2395 Br.
285 2345 435 2395 lectionem
447 2345 655 2408 Bent.dntBip.
687 2346 714 2396 J.
725 2345 831 2397 nuntiat.
864 2345 987 2398 (laerta.
998 2354 1023 2397 et
1035 2363 1084 2413 pro
1095 2349 1147 2399 lei.

621 2554 874 2566 m

500 2720 654 2785 noros
679 2723 707 2807 J.
753 2722 909 2786 scaren
932 2724 1010 2823 Ιν.Ι

477 2904 587 2953 GETA.
625 2904 807 2954 ANTIPHO·
843 2906 1039 2969 PHAEDRlA.

210 3009 276 3075 Ga.
301 3011 463 3078 Nonnos
479 3034 527 3091 ec,
546 3013 648 3093 Geta,
663 3015 730 3079 nisi
740 3014 813 3100 jam
829 3015 969 3099 aliquod
984 3016 1048 3081 tibi
1062 3017 1243 3086 consilium
1256 3041 1298 3086 oo

336 3114 403 3178 lere
422 3116 568 3199 reperis:

242 3267 293 3317 Ga.
310 3269 420 3334 Periisti,
433 3272 506 3334 Geta,
517 3271 564 3320 nisi
578 3271 681 3324 solltm
692 3277 787 3341 aliquod
803 3278 926 3328 eonsilium
941 3244 1074 3332 incenante:
1089 3283 1130 3334 tea
1146 3301 1209 3336 nune
1218 3287 1301 3344 rilint

242 3508 274 3556 In
286 3505 347 3570 Bip.
359 3512 387 3556 et
398 3507 474 3557 Both.
487 3508 548 3558 Act.
561 3523 592 3558 rr.
602 3511 644 3560 Se.
657 3515 730 3560 2⁸1
748 3512 898 3562 Priscianus
918 3513 963 3564 lib.
975 3529 1002 3564 v.
1019 3517 1112 3568 Nullus
1130 3504 1165 3586 ee,
1185 3523 1257 3585 Geta,
1269 3520 1303 3572 niti

209 3573 331 3621 eonsilium
339 3572 432 3634 aliquod
444 3574 517 3623 celere
527 3577 650 3638 repereris.
681 3574 732 3623 Sed
745 3576 792 3626 lib:
805 3587 857 3626 vrt.
870 3579 1000 3635 Nuitones,
1011 3581 1088 3638 Gete,
1099 3586 1217 3647 nisijom
1226 3585 1304 3651 otiqol

209 3637 331 3685 remilium
341 3637 414 3685 celere
424 3639 547 3700 repereris.
581 3640 615 3687 Et
627 3639 691 3687 Mss.
704 3639 818 3702 qnidam,
828 3656 886 3690 crim
898 3641 959 3690 cdd.
968 3643 1045 3693 lunt.
1058 3645 1154 3712 steph.
1167 3651 1228 3702 Ain.
1238 3663 1263 3701 et
1272 3664 1304 3699 ro·

210 3700 362 3749 tustioribus
382 3701 544 3764 quibusdam,
554 3704 677 3764 repereris.
694 3703 775 3751 West.
808 3704 907 3754 Omnes
925 3706 1155 3773 antiquiorque
1172 3716 1268 3780 aliquot
1280 3725 1303 3761 er

209 3765 369 3825 recentibus,
381 3779 411 3812 ac
427 3765 545 3813 Donatus
562 3766 626 3814 lianc
646 3767 844 3818 collocationem
863 3768 1002 3820 verborum
1019 3771 1131 3836 habent,
1142 3777 1195 3828 nisi
1206 3781 1259 3839 jorn
1271 3776 1304 3826 att

211 3829 287 3888 qnod:
305 3834 332 3876 et
347 3841 393 3890 pro
404 3829 526 3890 repereris,
538 3829 636 3893 antiqui
648 3843 735 3878 omnes
746 3834 859 3896 repperie-
877 3833 924 3882 Fa.
960 3835 1051 3884 Nullos
1067 3852 1104 3901 er,
1125 3841 1202 3901 Geta,
1213 3842 1304 3905 nisijtfl

211 3891 361 3952 atiqnnettili
372 3894 493 3940 eunonium
503 3895 576 3941 eelere
586 3894 699 3956 repperis.
732 3896 776 3945 Sic
789 3896 881 3945 Faiir'n.
915 3895 995 3962 Atqui
1006 3905 1091 3949 nostri
1104 3909 1251 3962 veterrimi,
1260 3917 1304 3955 eoa

212 3967 306 4014 niagno
318 3955 424 4004 aliorum
437 3958 560 4006 comitatu
571 3959 693 4021 repereris,
706 3964 733 4006 ct
744 3962 780 4009 sic
793 3960 941 4009 Priscianus
952 3962 1002 4022 his,
1014 3978 1040 4023 p.
1050 3968 1112 4016 ott.
1125 3972 1186 4020 760.
1220 3966 1305 4034 annet

208 4016 262 4074 jon
274 4018 348 4067 000.
360 4027 387 4069 et
399 4020 547 4069 Priscianus
560 4035 584 4084 p.
596 4027 653 4071 76⁰.
665 4031 698 4078 ut„
706 4022 790 4072 codex
801 4023 836 4072 ibi
847 4031 972 4075 vetustus.
1007 4026 1062 4076 lili
1073 4033 1149 4094 apud
1158 4035 1304 4084 Priscianun

213 4079 296 4128 deest.
330 4083 444 4146 Repone,
456 4086 551 4149 Nullus,
562 4086 624 4136 Geta
631 4104 640 4143 ;
656 4087 703 4135 nisi
714 4087 865 4150 aliquorum
876 4090 999 4140 consilinm
1010 4094 1088 4144 celere
1098 4100 1226 4161 repereria
1242 4094 1304 4148 Bert.
