2678 4694
319 302 562 389 'nuonrrrours
586 327 670 376 aar.
686 325 742 374 ιιι.
764 325 816 373 sc.
834 325 874 372 ιι.
1084 305 1154 372 973

56 476 161 540 Palm.
184 471 369 556 Experlre3
392 489 458 535 non
484 470 702 551 estlongum.
748 469 815 532 no.
840 465 1046 536 Cantilenam
1070 485 1148 530 ean-

188 573 381 637 demortuis.
1021 571 1025 580 ‘
1103 567 1149 630 10

53 676 162 754 Palm.
185 674 239 737 Tu
254 673 333 736 mihi
349 677 521 754 cognatus,
537 677 573 734 tu
588 688 721 754 parens,
737 676 773 735 tu
787 671 928 746 amicus,
944 677 1052 732 ιιιωι
1077 665 1148 732 Do..

186 774 285 839 Garri
296 772 410 837 modo.
536 771 538 777 ’

54 877 163 943 Prin.
183 873 315 940 Adeon'
328 873 462 957 ingenio
476 872 648 937 essedum
662 877 696 937 te
714 878 813 956 atque
828 873 1041 949 inexorabili,

54 979 108 1043 Ut
122 996 230 1062 neque
245 977 472 1041 misericordia
485 996 593 1060 neque
608 976 767 1060 precihus
779 976 903 1041 molliri
919 977 1050 1061 queesl

57 1080 131 1146 Do.
145 1076 274 1144 Adeon'
287 1085 320 1143 te
335 1097 410 1142 esso
426 1078 675 1160 incogitantem,
683 1087 789 1164 etque
803 1080 1038 1164 impudentem,
1054 1076 1152 1140 Phae·

187 1178 269 1257 dria,
985 1239 988 1242 ⁴

54 1281 109 1348 ut
122 1281 303 1366 phaleratis
319 1281 417 1347 dictis
432 1281 538 1345 ducas
552 1301 616 1359 me,
631 1287 666 1345 et
679 1300 786 1346 meam
802 1281 923 1347 ductes
938 1282 1077 1366 gratiisl
1109 1279 1152 1347 15

41 1382 131 1448 AN.
156 1384 347 1449 Miseritum
360 1383 414 1448 'st
458 1384 563 1447 an.
580 1383 667 1446 Hei!
683 1382 772 1448 veris
786 1384 912 1449 vincor.
958 1385 1026 1449 Gn.-
1039 1383 1152 1461 Quam

190 1492 330 1570 uterque
348 1491 401 1549 est
414 1484 534 1551 similis
550 1483 622 1547 sni!

57 1687 114 1736 Do.
131 1682 329 1743 louaiaetfalra.
356 1682 411 1732 Pu.
429 1683 479 1732 Fac
489 1683 689 1745 experimentum:
706 1684 731 1733 id
742 1681 864 1732 basiaret
874 1681 992 1745 temporie.
1016 1680 1069 1732 Do.
1087 1678 1153 1730 taos

55 1748 215 1811 sempermilri
232 1750 326 1809 repetis.
360 1749 414 1796 Pn.
433 1748 469 1796 Tu
480 1747 538 1795 milri
555 1752 678 1808 cognatus,
696 1753 723 1796 lu
740 1752 818 1810 pater,
834 1753 860 1796 to
877 1747 972 1796 micas
1004 1745 1056 1794 Do.
1075 1745 1154 1806 Perge

56 1817 141 1876 inepto
149 1814 277 1874 garriendo
288 1827 329 1859 uos
339 1827 441 1861 enecare.
474 1812 529 1860 Prt.
545 1814 641 1860 Adeone
655 1817 680 1860 tu
690 1811 785 1873 ingenio
795 1827 876 1875 aspero
888 1818 911 1861 et
922 1811 1116 1872 implacabilium,
1126 1815 1153 1858 art

57 1891 133 1941 neque
143 1877 311 1935 misericordia,
318 1891 391 1938 neque
404 1875 512 1940 precibus
522 1877 601 1938 leniri,
611 1881 635 1925 et
639 1875 708 1938 flecti
718 1877 811 1940 porsiri
844 1878 897 1926 Do.
914 1876 1019 1930 Adeone,
1031 1873 1155 1934 Phaedre’a,

58 1944 95 1991 eis
102 1942 295 2000 inconsideratus,
303 1946 326 1989 et
337 1941 513 2001 inverecundus,
521 1945 549 1988 at
560 1942 650 1988 ornatis
660 1947 682 1989 et
694 1941 776 1990 comtie
785 1941 863 1989 cerlis
870 1957 906 1990 me
915 1941 1030 2002 decipere,
1042 1945 1065 1988 et
1076 1938 1154 2000 virgi·

57 2021 121 2061 mem,
133 2021 184 2068 qao
194 2020 245 2053 areo
261 2010 305 2065 est,
324 2005 383 2052 milri
396 2020 477 2067 capere
487 2007 572 2066 gratie
582 2006 693 2055 cometa·
714 2005 767 2054 An.
783 2005 904 2053 Phaedrior
915 2005 1011 2052 miseret
1021 2019 1066 2053 me.
1099 2004 1154 2052 Ριι.

60 2070 121 2134 net,
131 2084 186 2119 aero
196 2074 261 2132 sunl,
271 2084 323 2132 qeoe
337 2070 406 2131 dicit,
424 2075 448 2120 et
462 2070 499 2119 his
511 2073 592 2119 cedere
602 2084 679 2130 cogor.
713 2069 763 2119 Ga.
783 2070 860 2124 Quam
875 2074 978 2131 uimque,
989 2067 1112 2128 Phaedria,
1130 2071 1156 2114 et

515 2211 698 2231 θΙΝΙθΝΝΝ

61 2337 203 2374 erratura
222 2329 359 2386 postrema
379 2323 462 2371 hterae
480 2322 556 2385 hujus
575 2320 704 2370 dictionis.
728 2320 774 2370 Fa.
810 2320 899 2369 Nostri
917 2331 1005 2368 omnes
1024 2316 1163 2368 Sauriam·

61 2390 141 2437 Bent.
167 2389 211 2437 lta
222 2388 304 2437 ctBr.
317 2387 347 2437 Z.
377 2385 504 2442 Quoddico
515 2393 660 2449 postaemcm
670 2386 745 2437 hercle
757 2384 845 2435 Guelf.
858 2389 947 2433 2—11
965 2384 1083 2446 Gnyetus
1096 2382 1162 2432 ultl-·

61 2468 130 2501 mum
143 2457 168 2500 tu
179 2467 329 2515 expungens
341 2449 462 2512 expedire
470 2466 497 2500 se
507 2466 607 2499 versum
616 2451 690 2513 dicit,
701 2451 819 2511 legendo,
830 2452 865 2498 Tu
873 2450 932 2497 mihi
940 2454 1061 2510 cognatus,
1072 2462 1156 2510 pareas

62 2522 100 2579 tu,
109 2517 197 2565 amicas
208 2523 242 2565 tu.
275 2515 325 2564 Sed
337 2515 378 2562 uel
390 2514 448 2562 ideo
459 2515 548 2564 melior
559 2516 638 2564 lectio
651 2517 764 2578 vulgata,
781 2514 848 2577 quod
868 2514 927 2561 leno
943 2516 1017 2576 plara
1026 2513 1104 2560 etiam
1117 2514 1155 2561 di·

60 2595 123 2629 cere
142 2587 276 2643 parantem
293 2578 441 2627 Phaedriam
457 2580 588 2629 obturbat.
621 2581 665 2628 Sic
687 2578 798 2641 Adelph.
817 2591 860 2626 ιιι.
873 2581 898 2626 t.
910 2583 949 2626 55.
968 2576 1068 2624 AMss.
1080 2577 1117 2624 M.
1129 2584 1157 2625 et

60 2645 127 2694 Wit.
138 2645 213 2693 abest
224 2650 308 2692 tamen
321 2650 478 2707 postremum
490 2649 526 2691 tu.
559 2643 615 2691 EP.
636 2643 710 2705 legit,
732 2644 767 2691 Tu
784 2641 844 2690 milri
860 2655 953 2704 parens.
985 2641 1049 2688 Mus.
1065 2640 1157 2689 heidd.

60 2722 139 2769 unus,
155 2710 191 2757 To
201 2710 297 2769 amimea,
308 2712 335 2754 lu
351 2709 399 2756 loco
404 2706 495 2766 fratria
505 2708 560 2755 eris.
594 2707 669 2755 Bodl.
683 2707 719 2754 Τιι
729 2706 817 2755 ammas
826 2705 894 2765 milri,
902 2709 929 2752 tu
939 2705 989 2751 loco
995 2704 1090 2762 fratris
1100 2705 1160 2753 eris.

60 2771 165 2823 Laudat
176 2773 238 2820 Par.
250 2786 283 2819 ex
293 2771 346 2819 Ma.
358 2771 417 2820 Pal.
431 2773 468 2820 'lh
478 2771 536 2820 milri
544 2785 636 2832 pareus,
654 2777 681 2818 tu
691 2771 749 2818 mihi
760 2772 808 2819 loco
821 2770 920 2829 fratria.
953 2770 975 2815 E
986 2768 1037 2817 Ms.
1049 2768 1163 2817 Lovaui··

61 2836 118 2886 enei
135 2836 201 2883 citat
219 2836 394 2883 Palmannus:
414 2836 451 2883 Τιι
469 2836 529 2883 milri
544 2835 642 2897 ammas,
660 2840 688 2883 tu
706 2835 773 2883 milri.
807 2835 837 2881 lu
850 2833 950 2881 duobus
965 2833 1031 2881 lllss.
1043 2831 1157 2882 Boecleri

61 2906 136 2949 erat:
157 2899 193 2947 Τιι
204 2899 262 2947 mihi
273 2904 393 2961 cognatus,
403 2905 431 2948 ta
441 2900 500 2948 milri
506 2914 600 2962 parens,
610 2905 637 2947 tu
647 2899 743 2947 amictu.
759 2899 841 2946 West.
875 2895 958 2946 codd.
970 2896 1083 2959 quidam,
1094 2897 1158 2945 Gor·

61 2965 183 3014 rismodo.
200 2963 282 3012 Idem.
317 2964 404 3012 Garris
423 2967 509 3012 modo..
523 2965 626 3015 Quanto
646 2963 788 3022 venustius,
806 2960 873 3027 quoti
887 2967 927 3008 est
938 2961 963 3008 in
976 2975 1001 3010 o.
1012 2961 1029 3008 l.
1041 2975 1061 3009 s.
1082 2961 1157 3009 Garri

62 3030 139 3077 modo.
158 3029 201 3076 Fa.
237 3029 323 3084 Garri,
334 3043 365 3076 ex
378 3029 472 3077 nostris
484 3035 511 3076 et
522 3029 608 3089 plnres
626 3034 653 3077 el
672 3028 800 3076 meliores.
821 3024 885 3074 sed
903 3024 972 3072 alind
984 3031 1088 3084 >restat3
1101 3025 1157 3087 jam

64 3093 133 3141 enirn
145 3107 178 3140 ex
189 3092 338 3141 Troelraicis
350 3092 420 3142 nulla
431 3107 516 3141 rerum
530 3093 672 3142 motatione
684 3091 814 3140 lambiens
824 3090 867 3139 hic
878 3087 917 3149 fit,
929 3094 954 3137 lu
965 3088 1025 3138 mili
1035 3095 1158 3149 cognatus.

63 3158 147 3217 Tolle,
167 3158 243 3228 milri,x
253 3165 281 3206 et
298 3157 422 3216 rescribe,
442 3158 477 3206 no
495 3159 615 3219 cogitatus,
627 3151 661 3206 ‘ta
677 3172 771 3220 parens,
782 3162 810 3205 lo
820 3156 917 3213 amicus,
928 3158 963 3203 la.
997 3154 1073 3202 Garri
1083 3157 1158 3205 modo.

63 3223 143 3271 Bent.
175 3221 384 3284 Ghl.toomicue,
399 3223 643 3283 talocosrolrieeris.
676 3223 746 3271 Perl.
763 3220 963 3282 Tamilripareru
974 3218 1021 3267 Bt.
1055 3219 1158 3269 Lectio-

63 3301 123 3334 nem
133 3287 210 3333 Bent.
223 3285 266 3333 dat
278 3287 353 3335 Both.
369 3285 454 3335 Abest
465 3293 492 3336 lu
503 3287 584 3336 ultim.
597 3302 612 3336 a
623 3285 712 3337 Guelf.
723 3290 814 3335 2.-12
826 3284 901 3334 Bodl.
913 3291 941 3333 et
952 3283 985 3332 G.
996 3288 1020 3333 te
1030 3298 1081 3333 erse
1089 3287 1165 3334 duro..

64 3351 146 3399 West.
178 3351 261 3398 Adeon
270 3348 366 3409 ingenio
376 3355 400 3398 le
414 3365 463 3400 eece
472 3353 530 3400 doro
544 3357 613 3414 aloru
629 3351 777 3402 inexorabili.
804 3350 882 3399 Hunc
894 3348 1051 3398 trochaicum
1063 3349 1159 3397 claudi·

62 3421 166 3464 cantem
175 3415 212 3462 sic
224 3413 334 3476 corrigo,
350 3426 383 3461 ex
398 3413 471 3462 libris
482 3416 556 3463 Bam.
568 3425 596 3464 et
606 3417 648 3465 Vi.
680 3419 763 3465 Adeon
775 3414 929 3477 ingenioeaec
939 3416 1064 3462 dorotea.
1076 3414 1094 3461 i.
1111 3415 1157 3462 Fe.

64 3479 161 3528 Recte.
195 3478 294 3536 Nostri,
305 3483 329 3526 te
339 3491 387 3525 ease
403 3479 471 3539 duro,
488 3493 540 3526 uno
559 3480 642 3541 Regio
653 3490 772 3542 excepto.
789 3481 863 3527 Beat.
899 3479 930 3526 Te
940 3492 989 3526 esec
999 3479 1058 3525 duro
1069 3477 1115 3524 Br.
1128 3477 1159 3527 Z.

64 3545 161 3594 Adeone
171 3557 221 3591 aare
232 3545 290 3591 duro
301 3542 396 3604 lagereio
408 3546 430 3590 le
439 3557 462 3589 a.
473 3542 492 3589 i.
506 3543 649 3591 Both-ld
666 3542 818 3604 Legendum
828 3550 916 3589 monet
926 3542 1046 3588 Bennett
1055 3540 1117 3591 Pet.
1130 3550 1164 3588 et:

65 3608 214 3662 Mendiano,
222 3613 290 3670 atque
297 3608 473 3670 imprudentem.
506 3605 548 3654 lta
560 3612 588 3653 et
597 3605 669 3654 Perl.
680 3606 757 3655 Both.
769 3612 797 3654 et
808 3611 860 3653 ret.
878 3604 920 3654 ed.
932 3617 1012 3665 penes
1023 3602 1159 3665 edit.·Bip.

65 3677 130 3720 —ls
148 3673 213 3720 Mas.
224 3671 257 3720 G.
271 3672 342 3733 Lips.
352 3672 414 3720 Wit.
428 3679 454 3719 et
466 3669 521 3720 ΕΡ.
539 3670 627 3729 gratis.
638 3708 640 3711 .
652 3670 716 3719 Cod.
728 3671 809 3719 Bam.
819 3667 887 3717 ducis
894 3668 988 3729 motu:
1007 3666 1053 3716 sed
1070 3669 1159 3728 gratio

66 3737 192 3785 trochaici
204 3737 320 3784 carminis
331 3737 398 3785 ratio
409 3736 499 3798 exigit.
521 3735 598 3784 West.
632 3736 714 3784 Recte
724 3735 813 3796 gratiis
819 3749 829 3792 ,·
847 3747 993 3798 quanquam
1005 3732 1087 3779 nostrl
1105 3744 1158 3780 om·

65 3815 114 3849 nes
124 3801 210 3862 gratis.
237 3800 304 3847 Vide
316 3813 362 3848 nos
373 3799 406 3848 ad
416 3799 527 3862 Adelph.
541 3813 580 3848 ιν.
590 3803 615 3848 7.
626 3803 668 3849 26.
691 3801 775 3849 Porro
787 3796 953 3848 vetustissimi
962 3796 1057 3858 quique
1068 3798 1160 3856 nostri,

66 3862 429 3925 Latiuomor·efaleratia,nou
438 3864 577 3927 phaleratis.
595 3865 671 3913 Bent.
699 3865 867 3926 Docesgrotie
879 3863 923 3911 Br.
956 3861 1059 3909 Seducaa
1070 3859 1159 3910 Guelf.

68 3933 159 3978 1.-16
173 3929 238 3975 Tres
257 3929 334 3976 hosce
345 3943 396 3976 vsa.
408 3929 533 3992 expungit
545 3928 612 3991 Gay.
625 3928 651 3976 in
666 3929 763 3992 quibus
770 3926 931 3993 explicandis
943 3926 1007 3973 mire
1016 3924 1110 3974 sudant
1120 3926 1160 3974 in·

67 4001 208 4056 terpretes.
227 3992 301 4039 Wart.
338 3990 407 4040 Veris
423 3993 509 4043 rimor.
535 3994 621 4042 Minus
641 3993 723 4056 proba
742 4000 782 4041 est
800 3991 960 4060 quorundam
980 3988 1055 4038 codd.
1072 3990 1160 4052 lectio,

67 4056 344 4106 cerbisaiacor.ldem.
370 4056 508 4106 Miseritum
518 4063 563 4107 est.
589 4057 640 4107 Hei
650 4058 809 4108 veraciorem.
835 4057 1065 4117 Quamertalerpae
1074 4055 1161 4104 simili'·

68 4121 169 4170 suillo
181 4123 228 4170 hac
238 4120 321 4169 Scene
333 4133 420 4169 versus
433 4134 483 4169 non
495 4130 537 4171 est
548 4122 612 4172 allus
622 4120 750 4172 difficilior
761 4121 903 4171 intellectu.
920 4121 928 4147 ‘
941 4119 1088 4168 Miseritum
1099 4119 1158 4178 est,’

69 4186 157 4236 dicer-e
169 4186 332 4249 per-‚iconius
343 4183 751 4252 Antiphonemrnlllnterpres.r
768 4186 836 4252 quod
846 4199 895 4250 ego
906 4182 944 4234 illi
953 4185 1089 4236 assentior.
1122 4183 1159 4233 At
1183 4224 1186 4228 .
