<?xml version="1.0" encoding="UTF-8"?>
<!DOCTYPE html PUBLIC "-//W3C//DTD XHTML 1.0 Transitional//EN"
    "http://www.w3.org/TR/xhtml1/DTD/xhtml1-transitional.dtd">
<html xmlns="http://www.w3.org/1999/xhtml" xml:lang="en" lang="en">
 <head>
  <title>
</title>
<meta http-equiv="Content-Type" content="text/html;charset=utf-8" />
  <meta name='ocr-system' content='tesseract 3.04.00' />
  <meta name='ocr-capabilities' content='ocr_page ocr_carea ocr_par ocr_line ocrx_word'/>
</head>
<body>
  <div class='ocr_page' id='page_1' title='image "./comoedisex01westgoog_0506.png"; bbox 0 0 2678 4694; ppageno 0'>
   <div class='ocr_carea' id='block_1_1' title="bbox 338 326 1155 392">
    <p class='ocr_par' dir='ltr' id='par_1_1' title="bbox 338 326 1155 392">
     <span class='ocr_line' id='line_1_1' title="bbox 338 326 1155 392; baseline 0.009 -7"><span class='ocrx_word' id='word_1_1' title='bbox 338 336 571 387; x_wconf 81' lang='lat' dir='ltr'><strong>ruonuronrs</strong></span> <span class='ocrx_word' id='word_1_2' title='bbox 593 338 679 386; x_wconf 77' lang='lat' dir='ltr'><strong>sor.</strong></span> <span class='ocrx_word' id='word_1_3' title='bbox 703 339 753 386; x_wconf 90' lang='lat' dir='ltr'><strong>ru.</strong></span> <span class='ocrx_word' id='word_1_4' title='bbox 776 339 828 388; x_wconf 89' lang='lat' dir='ltr'><strong>sc.</strong></span> <span class='ocrx_word' id='word_1_5' title='bbox 852 340 902 387; x_wconf 88' lang='lat' dir='ltr'><strong>ru.</strong></span> <span class='ocrx_word' id='word_1_6' title='bbox 1075 326 1155 392; x_wconf 63' lang='grc'><strong>’990</strong></span> 
     </span>
    </p>
   </div>
   <div class='ocr_carea' id='block_1_2' title="bbox 53 482 1155 1181">
    <p class='ocr_par' dir='ltr' id='par_1_2' title="bbox 53 482 1154 667">
     <span class='ocr_line' id='line_1_2' title="bbox 53 482 1154 572; baseline 0.001 -23"><span class='ocrx_word' id='word_1_7' title='bbox 53 483 175 549; x_wconf 74' lang='grc' dir='ltr'>ΙάῖὶΙΙο</span> <span class='ocrx_word' id='word_1_8' title='bbox 204 482 278 547; x_wconf 88' lang='lat' dir='ltr'><strong>istis</strong></span> <span class='ocrx_word' id='word_1_9' title='bbox 300 483 425 548; x_wconf 82' lang='lat' dir='ltr'><strong>reddet.</strong></span> <span class='ocrx_word' id='word_1_10' title='bbox 468 483 540 548; x_wconf 81' lang='lat' dir='ltr'><strong>Art.</strong></span> <span class='ocrx_word' id='word_1_11' title='bbox 566 483 821 562; x_wconf 82' lang='lat' dir='ltr'><strong>Quamobremt</strong></span> <span class='ocrx_word' id='word_1_12' title='bbox 850 493 912 552; x_wconf 89' lang='lat' dir='ltr'><strong>aut</strong></span> <span class='ocrx_word' id='word_1_13' title='bbox 933 485 1016 572; x_wconf 90' lang='lat' dir='ltr'><strong>quid</strong></span> <span class='ocrx_word' id='word_1_14' title='bbox 1039 486 1154 552; x_wconf 87' lang='lat' dir='ltr'><strong>dicetl</strong></span> 
     </span>
     <span class='ocr_line' id='line_1_3' title="bbox 132 583 1149 667; baseline 0.014 -24"><span class='ocrx_word' id='word_1_15' title='bbox 132 637 136 643; x_wconf 91' lang='lat'><strong>.</strong></span> <span class='ocrx_word' id='word_1_16' title='bbox 190 583 257 649; x_wconf 84' lang='lat' dir='ltr'><strong>Gn.</strong></span> <span class='ocrx_word' id='word_1_17' title='bbox 280 584 421 667; x_wconf 74' lang='lat' dir='ltr'><strong>Rogas‘i</strong></span> <span class='ocrx_word' id='word_1_18' title='bbox 1145 630 1149 635; x_wconf 90' lang='lat'>·</span> 
     </span>
    </p>

    <p class='ocr_par' dir='ltr' id='par_1_3' title="bbox 57 686 1155 772">
     <span class='ocr_line' id='line_1_4' title="bbox 57 686 1155 772; baseline 0.005 -21"><span class='ocrx_word' id='word_1_19' title='bbox 57 686 248 766; x_wconf 82' lang='lat' dir='ltr'><strong>Quotresi</strong></span> <span class='ocrx_word' id='word_1_20' title='bbox 271 687 420 772; x_wconf 87' lang='lat' dir='ltr'><strong>postilla,</strong></span> <span class='ocrx_word' id='word_1_21' title='bbox 433 688 906 763; x_wconf 80' lang='lat' dir='ltr'><strong>monstra-eveneruotrnihil-</strong></span> <span class='ocrx_word' id='word_1_22' title='bbox 958 729 962 737; x_wconf 93' lang='lat'><em>-</em></span> <span class='ocrx_word' id='word_1_23' title='bbox 994 728 999 737; x_wconf 91' lang='lat'><strong>·</strong></span> <span class='ocrx_word' id='word_1_24' title='bbox 1069 734 1072 739; x_wconf 91' lang='lat'><em>-</em></span> <span class='ocrx_word' id='word_1_25' title='bbox 1109 690 1155 756; x_wconf 74' lang='lat'><strong>25</strong></span> 
     </span>
    </p>

    <p class='ocr_par' dir='ltr' id='par_1_4' title="bbox 56 789 699 871">
     <span class='ocr_line' id='line_1_5' title="bbox 56 789 699 871; baseline 0.002 -17"><span class='ocrx_word' id='word_1_26' title='bbox 56 790 195 855; x_wconf 86' lang='lat' dir='ltr'><strong>Introiit</strong></span> <span class='ocrx_word' id='word_1_27' title='bbox 210 791 244 853; x_wconf 91' lang='lat' dir='ltr'><strong>in</strong></span> <span class='ocrx_word' id='word_1_28' title='bbox 259 789 350 854; x_wconf 84' lang='lat' dir='ltr'><strong>aedes</strong></span> <span class='ocrx_word' id='word_1_29' title='bbox 363 796 432 855; x_wconf 88' lang='lat' dir='ltr'><strong>ater</strong></span> <span class='ocrx_word' id='word_1_30' title='bbox 444 790 573 854; x_wconf 86' lang='lat' dir='ltr'><strong>alienus</strong></span> <span class='ocrx_word' id='word_1_31' title='bbox 585 792 699 871; x_wconf 83' lang='lat' dir='ltr'><strong>canis3</strong></span> 
     </span>
    </p>

    <p class='ocr_par' dir='ltr' id='par_1_5' title="bbox 56 891 828 977">
     <span class='ocr_line' id='line_1_6' title="bbox 56 891 828 977; baseline 0.003 -21"><span class='ocrx_word' id='word_1_32' title='bbox 56 891 268 976; x_wconf 76' lang='lat' dir='ltr'><strong>Anguisper</strong></span> <span class='ocrx_word' id='word_1_33' title='bbox 282 892 482 975; x_wconf 86' lang='lat' dir='ltr'><strong>impluvium·</strong></span> <span class='ocrx_word' id='word_1_34' title='bbox 494 892 619 957; x_wconf 85' lang='lat' dir='ltr'><strong>decidit</strong></span> <span class='ocrx_word' id='word_1_35' title='bbox 632 893 673 958; x_wconf 89' lang='lat' dir='ltr'><strong>de</strong></span> <span class='ocrx_word' id='word_1_36' title='bbox 688 893 828 977; x_wconf 77' lang='lat' dir='ltr'><strong>tegulis&#39;3</strong></span> 
     </span>
    </p>

    <p class='ocr_par' dir='ltr' id='par_1_6' title="bbox 57 989 754 1075">
     <span class='ocr_line' id='line_1_7' title="bbox 57 989 754 1075; baseline -0.004 -13"><span class='ocrx_word' id='word_1_37' title='bbox 57 989 198 1062; x_wconf 81' lang='lat' dir='ltr'><strong>Gallina</strong></span> <span class='ocrx_word' id='word_1_38' title='bbox 212 994 354 1074; x_wconf 89' lang='lat' dir='ltr'><strong>cecinit;</strong></span> <span class='ocrx_word' id='word_1_39' title='bbox 367 994 547 1060; x_wconf 83' lang='lat' dir='ltr'><strong>interdixit</strong></span> <span class='ocrx_word' id='word_1_40' title='bbox 561 995 730 1075; x_wconf 82' lang='lat' dir='ltr'><strong>hariolus3</strong></span> <span class='ocrx_word' id='word_1_41' title='bbox 752 1054 754 1059; x_wconf 90' lang='lat'><strong>.</strong></span> 
     </span>
    </p>

    <p class='ocr_par' dir='ltr' id='par_1_7' title="bbox 61 1095 866 1181">
     <span class='ocr_line' id='line_1_8' title="bbox 61 1095 866 1181; baseline 0.001 -21"><span class='ocrx_word' id='word_1_42' title='bbox 61 1095 249 1178; x_wconf 86' lang='lat' dir='ltr'><strong>Haruspex</strong></span> <span class='ocrx_word' id='word_1_43' title='bbox 264 1097 369 1161; x_wconf 86' lang='lat' dir='ltr'><strong>vetuit</strong></span> <span class='ocrx_word' id='word_1_44' title='bbox 384 1103 460 1160; x_wconf 89' lang='lat' dir='ltr'><strong>ante</strong></span> <span class='ocrx_word' id='word_1_45' title='bbox 475 1098 626 1165; x_wconf 87' lang='lat' dir='ltr'><strong>brumam</strong></span> <span class='ocrx_word' id='word_1_46' title='bbox 641 1098 769 1181; x_wconf 82' lang='lat' dir='ltr'><strong>aliquid</strong></span> <span class='ocrx_word' id='word_1_47' title='bbox 786 1098 866 1162; x_wconf 85' lang='lat' dir='ltr'><strong>novi</strong></span> 
     </span>
    </p>
   </div>
   <div class='ocr_carea' id='block_1_3' title="bbox 10 1290 1164 1745">
    <p class='ocr_par' dir='ltr' id='par_1_8' title="bbox 10 1290 1164 1745">
     <span class='ocr_line' id='line_1_9' title="bbox 56 1290 1154 1358; baseline 0.004 -20"><span class='ocrx_word' id='word_1_48' title='bbox 56 1296 148 1350; x_wconf 85' lang='lat' dir='ltr'><strong>rerunt,</strong></span> <span class='ocrx_word' id='word_1_49' title='bbox 156 1290 245 1343; x_wconf 79' lang='lat' dir='ltr'><strong>dubunt</strong></span> <span class='ocrx_word' id='word_1_50' title='bbox 255 1297 389 1354; x_wconf 77' lang='lat' dir='ltr'><strong>argentum.</strong></span> <span class='ocrx_word' id='word_1_51' title='bbox 421 1294 451 1343; x_wconf 87' lang='lat' dir='ltr'><strong>ld</strong></span> <span class='ocrx_word' id='word_1_52' title='bbox 462 1299 586 1357; x_wconf 80' lang='lat' dir='ltr'><strong>argentum</strong></span> <span class='ocrx_word' id='word_1_53' title='bbox 596 1295 708 1344; x_wconf 74' lang='lat' dir='ltr'><strong>Phormio</strong></span> <span class='ocrx_word' id='word_1_54' title='bbox 718 1308 827 1343; x_wconf 83' lang='lat' dir='ltr'><strong>recusans</strong></span> <span class='ocrx_word' id='word_1_55' title='bbox 836 1293 946 1358; x_wconf 79' lang='lat' dir='ltr'><strong>conficere</strong></span> <span class='ocrx_word' id='word_1_56' title='bbox 955 1291 1063 1356; x_wconf 79' lang='lat' dir='ltr'><strong>nuptias,</strong></span> <span class='ocrx_word' id='word_1_57' title='bbox 1072 1293 1154 1342; x_wconf 86' lang='lat' dir='ltr'><strong>reddet</strong></span> 
     </span>
     <span class='ocr_line' id='line_1_10' title="bbox 57 1355 1157 1421; baseline 0.002 -18"><span class='ocrx_word' id='word_1_58' title='bbox 57 1361 100 1404; x_wconf 87' lang='lat' dir='ltr'><strong>tuo</strong></span> <span class='ocrx_word' id='word_1_59' title='bbox 109 1355 184 1418; x_wconf 86' lang='lat' dir='ltr'><strong>putri,</strong></span> <span class='ocrx_word' id='word_1_60' title='bbox 194 1361 218 1405; x_wconf 86' lang='lat' dir='ltr'><strong>et</strong></span> <span class='ocrx_word' id='word_1_61' title='bbox 227 1360 321 1419; x_wconf 84' lang='lat' dir='ltr'><strong>patruo.</strong></span> <span class='ocrx_word' id='word_1_62' title='bbox 353 1357 406 1406; x_wconf 80' lang='lat' dir='ltr'><strong>Au.</strong></span> <span class='ocrx_word' id='word_1_63' title='bbox 424 1359 580 1413; x_wconf 73' lang='lat' dir='ltr'><strong>Quamobrem</strong></span> <span class='ocrx_word' id='word_1_64' title='bbox 591 1358 693 1410; x_wconf 76' lang='lat' dir='ltr'><strong>reddet?</strong></span> <span class='ocrx_word' id='word_1_65' title='bbox 708 1365 750 1406; x_wconf 90' lang='lat' dir='ltr'><strong>aut</strong></span> <span class='ocrx_word' id='word_1_66' title='bbox 762 1374 830 1421; x_wconf 86' lang='lat' dir='ltr'><strong>qaam</strong></span> <span class='ocrx_word' id='word_1_67' title='bbox 841 1373 943 1417; x_wconf 71' lang='lat' dir='ltr'><strong>rumam,</strong></span> <span class='ocrx_word' id='word_1_68' title='bbox 954 1372 996 1406; x_wconf 82' lang='lat' dir='ltr'><strong>ear</strong></span> <span class='ocrx_word' id='word_1_69' title='bbox 1011 1359 1104 1416; x_wconf 87' lang='lat' dir='ltr'><strong>reddat,</strong></span> <span class='ocrx_word' id='word_1_70' title='bbox 1114 1371 1157 1418; x_wconf 73' lang='lat' dir='ltr'><strong>qe·</strong></span> 
     </span>
     <span class='ocr_line' id='line_1_11' title="bbox 57 1418 1157 1487; baseline 0.001 -19"><span class='ocrx_word' id='word_1_71' title='bbox 57 1418 118 1469; x_wconf 86' lang='lat' dir='ltr'><strong>terit</strong></span> <span class='ocrx_word' id='word_1_72' title='bbox 135 1420 231 1471; x_wconf 79' lang='lat' dir='ltr'><strong>diceret</strong></span> <span class='ocrx_word' id='word_1_73' title='bbox 264 1421 313 1473; x_wconf 79' lang='lat' dir='ltr'><strong>Ga.</strong></span> <span class='ocrx_word' id='word_1_74' title='bbox 331 1421 426 1478; x_wconf 73' lang='lat' dir='ltr'><strong>uteru</strong></span> <span class='ocrx_word' id='word_1_75' title='bbox 436 1425 493 1485; x_wconf 84' lang='lat' dir='ltr'><strong>quid</strong></span> <span class='ocrx_word' id='word_1_76' title='bbox 502 1439 579 1472; x_wconf 75' lang='lat' dir='ltr'><strong>eausa</strong></span> <span class='ocrx_word' id='word_1_77' title='bbox 588 1424 676 1486; x_wconf 80' lang='lat' dir='ltr'><strong>peterit</strong></span> <span class='ocrx_word' id='word_1_78' title='bbox 686 1425 839 1487; x_wconf 74' lang='lat' dir='ltr'><strong>pretendere,</strong></span> <span class='ocrx_word' id='word_1_79' title='bbox 849 1437 892 1473; x_wconf 84' lang='lat' dir='ltr'><strong>rur</strong></span> <span class='ocrx_word' id='word_1_80' title='bbox 899 1437 949 1471; x_wconf 85' lang='lat' dir='ltr'><strong>rem</strong></span> <span class='ocrx_word' id='word_1_81' title='bbox 958 1421 1019 1471; x_wconf 81' lang='lat' dir='ltr'><strong>solit</strong></span> <span class='ocrx_word' id='word_1_82' title='bbox 1027 1421 1157 1486; x_wconf 53' lang='lat' dir='ltr'><strong>aficere?</strong></span> 
     </span>
     <span class='ocr_line' id='line_1_12' title="bbox 56 1483 1157 1552; baseline -0.004 -17"><span class='ocrx_word' id='word_1_83' title='bbox 56 1483 94 1535; x_wconf 75' lang='lat' dir='ltr'><strong>aie</strong></span> <span class='ocrx_word' id='word_1_84' title='bbox 109 1484 187 1543; x_wconf 83' lang='lat' dir='ltr'><strong>diret,·</strong></span> <span class='ocrx_word' id='word_1_85' title='bbox 201 1490 255 1548; x_wconf 82' lang='lat' dir='ltr'><strong>part</strong></span> <span class='ocrx_word' id='word_1_86' title='bbox 269 1487 441 1536; x_wconf 83' lang='lat' dir='ltr'><strong>conuentionem</strong></span> <span class='ocrx_word' id='word_1_87' title='bbox 458 1489 602 1551; x_wconf 83' lang='lat' dir='ltr'><strong>nuptiarum,</strong></span> <span class='ocrx_word' id='word_1_88' title='bbox 613 1493 669 1552; x_wconf 90' lang='lat' dir='ltr'><strong>quot</strong></span> <span class='ocrx_word' id='word_1_89' title='bbox 683 1486 803 1552; x_wconf 70' lang='lat' dir='ltr'><strong>prodigia,</strong></span> <span class='ocrx_word' id='word_1_90' title='bbox 813 1492 870 1548; x_wconf 84' lang='lat' dir='ltr'><strong>quot</strong></span> <span class='ocrx_word' id='word_1_91' title='bbox 879 1489 1157 1548; x_wconf 77' lang='lat' dir='ltr'><strong>porteutuapparuertrat</strong></span> 
     </span>
     <span class='ocr_line' id='line_1_13' title="bbox 57 1546 1164 1613; baseline 0.004 -16"><span class='ocrx_word' id='word_1_92' title='bbox 57 1547 138 1597; x_wconf 83' lang='lat' dir='ltr'><strong>nrilri!</strong></span> <span class='ocrx_word' id='word_1_93' title='bbox 156 1549 235 1610; x_wconf 81' lang='lat' dir='ltr'><strong>Niger</strong></span> <span class='ocrx_word' id='word_1_94' title='bbox 252 1551 317 1599; x_wconf 86' lang='lat' dir='ltr'><strong>cunis</strong></span> <span class='ocrx_word' id='word_1_95' title='bbox 331 1550 422 1600; x_wconf 80' lang='lat' dir='ltr'><strong>diiemu</strong></span> <span class='ocrx_word' id='word_1_96' title='bbox 440 1551 535 1602; x_wconf 83' lang='lat' dir='ltr'><strong>introiit</strong></span> <span class='ocrx_word' id='word_1_97' title='bbox 553 1552 579 1601; x_wconf 83' lang='lat' dir='ltr'><strong>in</strong></span> <span class='ocrx_word' id='word_1_98' title='bbox 597 1554 659 1601; x_wconf 86' lang='lat' dir='ltr'><strong>oedes</strong></span> <span class='ocrx_word' id='word_1_99' title='bbox 675 1557 784 1602; x_wconf 76' lang='lat' dir='ltr'><strong>nostrus:</strong></span> <span class='ocrx_word' id='word_1_100' title='bbox 802 1552 838 1600; x_wconf 84' lang='lat' dir='ltr'><strong>eei</strong></span> <span class='ocrx_word' id='word_1_101' title='bbox 853 1565 947 1613; x_wconf 78' lang='lat' dir='ltr'><strong>serpens</strong></span> <span class='ocrx_word' id='word_1_102' title='bbox 962 1564 1006 1613; x_wconf 85' lang='lat' dir='ltr'><strong>per</strong></span> <span class='ocrx_word' id='word_1_103' title='bbox 1021 1546 1164 1613; x_wconf 64' lang='lat' dir='ltr'><strong>impluvium.</strong></span> 
     </span>
     <span class='ocr_line' id='line_1_14' title="bbox 56 1614 1157 1679; baseline 0 -19"><span class='ocrx_word' id='word_1_104' title='bbox 56 1614 166 1676; x_wconf 85' lang='lat' dir='ltr'><strong>delapsus</strong></span> <span class='ocrx_word' id='word_1_105' title='bbox 185 1619 219 1663; x_wconf 85' lang='lat' dir='ltr'><strong>est</strong></span> <span class='ocrx_word' id='word_1_106' title='bbox 229 1616 337 1665; x_wconf 88' lang='lat' dir='ltr'><strong>deorsum</strong></span> <span class='ocrx_word' id='word_1_107' title='bbox 347 1617 377 1664; x_wconf 89' lang='lat' dir='ltr'><strong>de</strong></span> <span class='ocrx_word' id='word_1_108' title='bbox 392 1616 496 1676; x_wconf 82' lang='lat' dir='ltr'><strong>tegatis:</strong></span> <span class='ocrx_word' id='word_1_109' title='bbox 512 1619 550 1666; x_wconf 85' lang='lat' dir='ltr'><strong>ael</strong></span> <span class='ocrx_word' id='word_1_110' title='bbox 559 1617 650 1679; x_wconf 83' lang='lat' dir='ltr'><strong>gallina</strong></span> <span class='ocrx_word' id='word_1_111' title='bbox 658 1615 758 1666; x_wconf 58' lang='lat' dir='ltr'><strong>cerium</strong></span> <span class='ocrx_word' id='word_1_112' title='bbox 775 1616 811 1664; x_wconf 84' lang='lat' dir='ltr'><strong>cei</strong></span> <span class='ocrx_word' id='word_1_113' title='bbox 821 1615 925 1679; x_wconf 71' lang='lat' dir='ltr'><strong>tutetur</strong></span> <span class='ocrx_word' id='word_1_114' title='bbox 934 1614 1011 1664; x_wconf 80' lang='lat' dir='ltr'><strong>uetuit</strong></span> <span class='ocrx_word' id='word_1_115' title='bbox 1020 1629 1049 1663; x_wconf 85' lang='lat' dir='ltr'><strong>rte</strong></span> <span class='ocrx_word' id='word_1_116' title='bbox 1059 1625 1157 1663; x_wconf 74' lang='lat' dir='ltr'><strong>emerere</strong></span> 
     </span>
     <span class='ocr_line' id='line_1_15' title="bbox 10 1676 1157 1745; baseline -0.001 -16"><span class='ocrx_word' id='word_1_117' title='bbox 10 1724 16 1729; x_wconf 92' lang='lat'><strong>.</strong></span> <span class='ocrx_word' id='word_1_118' title='bbox 56 1679 146 1735; x_wconf 88' lang='lat' dir='ltr'><strong>ducat,·</strong></span> <span class='ocrx_word' id='word_1_119' title='bbox 163 1679 200 1728; x_wconf 85' lang='lat' dir='ltr'><strong>cel</strong></span> <span class='ocrx_word' id='word_1_120' title='bbox 209 1678 327 1744; x_wconf 76' lang='lat' dir='ltr'><strong>haruspex</strong></span> <span class='ocrx_word' id='word_1_121' title='bbox 338 1677 464 1731; x_wconf 74' lang='lat' dir='ltr'><strong>interdixit</strong></span> <span class='ocrx_word' id='word_1_122' title='bbox 473 1696 504 1730; x_wconf 88' lang='lat' dir='ltr'><strong>ne</strong></span> <span class='ocrx_word' id='word_1_123' title='bbox 513 1681 570 1745; x_wconf 84' lang='lat' dir='ltr'><strong>quid</strong></span> <span class='ocrx_word' id='word_1_124' title='bbox 580 1682 671 1743; x_wconf 78' lang='lat' dir='ltr'><strong>negotii</strong></span> <span class='ocrx_word' id='word_1_125' title='bbox 680 1681 822 1742; x_wconf 73' lang='lat' dir='ltr'><strong>aggrederer</strong></span> <span class='ocrx_word' id='word_1_126' title='bbox 829 1686 884 1729; x_wconf 87' lang='lat' dir='ltr'><strong>ante</strong></span> <span class='ocrx_word' id='word_1_127' title='bbox 893 1676 1053 1742; x_wconf 80' lang='lat' dir='ltr'><strong>tempestatem</strong></span> <span class='ocrx_word' id='word_1_128' title='bbox 1060 1677 1157 1738; x_wconf 69' lang='lat' dir='ltr'><strong>itm,</strong></span> 
     </span>
    </p>
   </div>
   <div class='ocr_carea' id='block_1_4' title="bbox 513 1833 681 1852">
    <p class='ocr_par' dir='ltr' id='par_1_9' title="bbox 513 1833 681 1852">
     <span class='ocr_line' id='line_1_16' title="bbox 513 1833 681 1852; baseline -0.006 0"><span class='ocrx_word' id='word_1_129' title='bbox 513 1833 681 1852; x_wconf 56' lang='lat' dir='ltr'><strong>&amp;mm</strong></span> 
     </span>
    </p>
   </div>
   <div class='ocr_carea' id='block_1_5' title="bbox 55 1942 1169 3682">
    <p class='ocr_par' dir='ltr' id='par_1_10' title="bbox 55 1942 1169 3682">
     <span class='ocr_line' id='line_1_17' title="bbox 57 1942 1166 2010; baseline 0.004 -18"><span class='ocrx_word' id='word_1_130' title='bbox 57 1942 156 2006; x_wconf 69' lang='lat' dir='ltr'><strong>gentum</strong></span> <span class='ocrx_word' id='word_1_131' title='bbox 167 1944 254 1994; x_wconf 84' lang='lat' dir='ltr'><strong>dabunt</strong></span> <span class='ocrx_word' id='word_1_132' title='bbox 265 1943 311 1995; x_wconf 90' lang='lat' dir='ltr'><strong>Br.</strong></span> <span class='ocrx_word' id='word_1_133' title='bbox 324 1946 455 1998; x_wconf 79' lang='lat' dir='ltr'><strong>GM.-at</strong></span> <span class='ocrx_word' id='word_1_134' title='bbox 472 1949 503 1997; x_wconf 89' lang='lat' dir='ltr'><strong>Id</strong></span> <span class='ocrx_word' id='word_1_135' title='bbox 511 1949 551 1998; x_wconf 85' lang='lat' dir='ltr'><strong>ilie</strong></span> <span class='ocrx_word' id='word_1_136' title='bbox 561 1949 615 1999; x_wconf 86' lang='lat' dir='ltr'><strong>istis</strong></span> <span class='ocrx_word' id='word_1_137' title='bbox 626 1951 716 1999; x_wconf 84' lang='lat' dir='ltr'><strong>reddet.</strong></span> <span class='ocrx_word' id='word_1_138' title='bbox 743 1948 786 1998; x_wconf 90' lang='lat' dir='ltr'><strong>lta</strong></span> <span class='ocrx_word' id='word_1_139' title='bbox 795 1946 880 2008; x_wconf 90' lang='lat' dir='ltr'><strong>edidi;</strong></span> <span class='ocrx_word' id='word_1_140' title='bbox 897 1946 966 2010; x_wconf 88' lang='lat' dir='ltr'><strong>quod</strong></span> <span class='ocrx_word' id='word_1_141' title='bbox 976 1946 1029 2008; x_wconf 86' lang='lat' dir='ltr'><strong>alii,</strong></span> <span class='ocrx_word' id='word_1_142' title='bbox 1041 1947 1101 1995; x_wconf 79' lang='lat' dir='ltr'><strong>lude</strong></span> <span class='ocrx_word' id='word_1_143' title='bbox 1110 1945 1166 1997; x_wconf 81' lang='lat' dir='ltr'><strong>iste·</strong></span> 
     </span>
     <span class='ocr_line' id='line_1_18' title="bbox 58 2008 1157 2064; baseline 0.004 -7"><span class='ocrx_word' id='word_1_144' title='bbox 58 2008 151 2059; x_wconf 77' lang='lat' dir='ltr'><strong>reddet.</strong></span> <span class='ocrx_word' id='word_1_145' title='bbox 168 2010 199 2057; x_wconf 90' lang='lat' dir='ltr'><strong>Id</strong></span> <span class='ocrx_word' id='word_1_146' title='bbox 207 2009 261 2058; x_wconf 83' lang='lat' dir='ltr'><strong>istie</strong></span> <span class='ocrx_word' id='word_1_147' title='bbox 270 2012 360 2061; x_wconf 79' lang='lat' dir='ltr'><strong>reddet.</strong></span> <span class='ocrx_word' id='word_1_148' title='bbox 379 2012 440 2061; x_wconf 86' lang='lat' dir='ltr'><strong>lude</strong></span> <span class='ocrx_word' id='word_1_149' title='bbox 450 2013 504 2063; x_wconf 87' lang='lat' dir='ltr'><strong>istis</strong></span> <span class='ocrx_word' id='word_1_150' title='bbox 514 2017 604 2064; x_wconf 86' lang='lat' dir='ltr'><strong>reddet.</strong></span> <span class='ocrx_word' id='word_1_151' title='bbox 628 2014 660 2063; x_wconf 81' lang='lat' dir='ltr'><strong>ld</strong></span> <span class='ocrx_word' id='word_1_152' title='bbox 670 2017 699 2063; x_wconf 91' lang='lat' dir='ltr'><strong>de</strong></span> <span class='ocrx_word' id='word_1_153' title='bbox 709 2014 763 2062; x_wconf 82' lang='lat' dir='ltr'><strong>istis</strong></span> <span class='ocrx_word' id='word_1_154' title='bbox 774 2015 865 2062; x_wconf 82' lang='lat' dir='ltr'><strong>reddet.</strong></span> <span class='ocrx_word' id='word_1_155' title='bbox 883 2013 964 2060; x_wconf 81' lang='lat' dir='ltr'><strong>West.</strong></span> <span class='ocrx_word' id='word_1_156' title='bbox 997 2012 1029 2060; x_wconf 90' lang='lat' dir='ltr'><strong>ld</strong></span> <span class='ocrx_word' id='word_1_157' title='bbox 1038 2011 1092 2063; x_wconf 84' lang='lat' dir='ltr'><strong>istis</strong></span> <span class='ocrx_word' id='word_1_158' title='bbox 1102 2013 1157 2061; x_wconf 84' lang='lat' dir='ltr'><strong>red-</strong></span> 
     </span>
     <span class='ocr_line' id='line_1_19' title="bbox 58 2073 1157 2139; baseline 0.004 -18"><span class='ocrx_word' id='word_1_159' title='bbox 58 2074 108 2124; x_wconf 85' lang='lat' dir='ltr'><strong>det.</strong></span> <span class='ocrx_word' id='word_1_160' title='bbox 141 2073 215 2123; x_wconf 87' lang='lat' dir='ltr'><strong>Bem.</strong></span> <span class='ocrx_word' id='word_1_161' title='bbox 234 2073 357 2124; x_wconf 81' lang='lat' dir='ltr'><strong>Iadeiete.</strong></span> <span class='ocrx_word' id='word_1_162' title='bbox 390 2077 423 2126; x_wconf 87' lang='lat' dir='ltr'><strong>V.</strong></span> <span class='ocrx_word' id='word_1_163' title='bbox 432 2078 475 2126; x_wconf 86' lang='lat' dir='ltr'><strong>vi.</strong></span> <span class='ocrx_word' id='word_1_164' title='bbox 487 2086 514 2127; x_wconf 90' lang='lat' dir='ltr'><strong>et</strong></span> <span class='ocrx_word' id='word_1_165' title='bbox 525 2080 586 2127; x_wconf 81' lang='lat' dir='ltr'><strong>Bos.</strong></span> <span class='ocrx_word' id='word_1_166' title='bbox 604 2078 686 2127; x_wconf 87' lang='lat' dir='ltr'><strong>ldille</strong></span> <span class='ocrx_word' id='word_1_167' title='bbox 694 2078 760 2126; x_wconf 70' lang='lat' dir='ltr'><strong>uus:</strong></span> <span class='ocrx_word' id='word_1_168' title='bbox 778 2077 850 2125; x_wconf 86' lang='lat' dir='ltr'><strong>nobis</strong></span> <span class='ocrx_word' id='word_1_169' title='bbox 862 2075 948 2134; x_wconf 81' lang='lat' dir='ltr'><strong>placet</strong></span> <span class='ocrx_word' id='word_1_170' title='bbox 957 2076 1087 2139; x_wconf 88' lang='lat' dir='ltr'><strong>antiquior</strong></span> <span class='ocrx_word' id='word_1_171' title='bbox 1094 2076 1157 2125; x_wconf 84' lang='lat' dir='ltr'><strong>lect.</strong></span> 
     </span>
     <span class='ocr_line' id='line_1_20' title="bbox 60 2126 1164 2196; baseline 0.002 -12"><span class='ocrx_word' id='word_1_172' title='bbox 60 2126 110 2196; x_wconf 70' lang='lat' dir='ltr'><strong>Fa.</strong></span> <span class='ocrx_word' id='word_1_173' title='bbox 143 2137 235 2188; x_wconf 87' lang='lat' dir='ltr'><strong>Nostri</strong></span> <span class='ocrx_word' id='word_1_174' title='bbox 247 2137 304 2190; x_wconf 78' lang='lat' dir='ltr'><strong>tere</strong></span> <span class='ocrx_word' id='word_1_175' title='bbox 315 2154 403 2189; x_wconf 86' lang='lat' dir='ltr'><strong>omnes</strong></span> <span class='ocrx_word' id='word_1_176' title='bbox 415 2143 445 2190; x_wconf 88' lang='lat' dir='ltr'><strong>ld</strong></span> <span class='ocrx_word' id='word_1_177' title='bbox 455 2143 495 2190; x_wconf 88' lang='lat' dir='ltr'><strong>ille</strong></span> <span class='ocrx_word' id='word_1_178' title='bbox 504 2143 567 2191; x_wconf 74' lang='lat' dir='ltr'><strong>istiu</strong></span> <span class='ocrx_word' id='word_1_179' title='bbox 584 2143 661 2190; x_wconf 88' lang='lat' dir='ltr'><strong>Bent.</strong></span> <span class='ocrx_word' id='word_1_180' title='bbox 697 2141 822 2189; x_wconf 84' lang='lat' dir='ltr'><strong>DicitBr.</strong></span> <span class='ocrx_word' id='word_1_181' title='bbox 854 2139 915 2188; x_wconf 85' lang='lat' dir='ltr'><strong>lade</strong></span> <span class='ocrx_word' id='word_1_182' title='bbox 924 2139 970 2187; x_wconf 81' lang='lat' dir='ltr'><strong>iste</strong></span> <span class='ocrx_word' id='word_1_183' title='bbox 984 2141 1068 2187; x_wconf 82' lang='lat' dir='ltr'><strong>reddet</strong></span> <span class='ocrx_word' id='word_1_184' title='bbox 1078 2137 1164 2188; x_wconf 69' lang='lat' dir='ltr'><strong>Botlr.</strong></span> 
     </span>
     <span class='ocr_line' id='line_1_21' title="bbox 59 2199 1166 2265; baseline 0 -16"><span class='ocrx_word' id='word_1_185' title='bbox 59 2199 121 2265; x_wconf 72' lang='lat' dir='ltr'><strong>Rip.</strong></span> <span class='ocrx_word' id='word_1_186' title='bbox 129 2202 226 2265; x_wconf 85' lang='lat' dir='ltr'><strong>Delph.</strong></span> <span class='ocrx_word' id='word_1_187' title='bbox 259 2204 289 2252; x_wconf 89' lang='lat' dir='ltr'><strong>ld</strong></span> <span class='ocrx_word' id='word_1_188' title='bbox 299 2204 353 2254; x_wconf 85' lang='lat' dir='ltr'><strong>istis</strong></span> <span class='ocrx_word' id='word_1_189' title='bbox 361 2206 442 2252; x_wconf 85' lang='lat' dir='ltr'><strong>reddet</strong></span> <span class='ocrx_word' id='word_1_190' title='bbox 457 2207 549 2254; x_wconf 79' lang='lat' dir='ltr'><strong>z.-et</strong></span> <span class='ocrx_word' id='word_1_191' title='bbox 570 2203 713 2264; x_wconf 76' lang='lat' dir='ltr'><strong>Distinguit</strong></span> <span class='ocrx_word' id='word_1_192' title='bbox 724 2205 804 2254; x_wconf 89' lang='lat' dir='ltr'><strong>Beut.</strong></span> <span class='ocrx_word' id='word_1_193' title='bbox 817 2202 881 2258; x_wconf 85' lang='lat' dir='ltr'><strong>Quot</strong></span> <span class='ocrx_word' id='word_1_194' title='bbox 889 2215 929 2250; x_wconf 90' lang='lat' dir='ltr'><strong>res</strong></span> <span class='ocrx_word' id='word_1_195' title='bbox 935 2206 989 2265; x_wconf 86' lang='lat' dir='ltr'><strong>post</strong></span> <span class='ocrx_word' id='word_1_196' title='bbox 1000 2203 1042 2250; x_wconf 87' lang='lat' dir='ltr'><strong>illa</strong></span> <span class='ocrx_word' id='word_1_197' title='bbox 1052 2207 1166 2253; x_wconf 70' lang='lat' dir='ltr'><strong>mmm.</strong></span> 
     </span>
     <span class='ocr_line' id='line_1_22' title="bbox 59 2266 1157 2332; baseline 0.002 -18"><span class='ocrx_word' id='word_1_198' title='bbox 59 2271 185 2316; x_wconf 82' lang='lat' dir='ltr'><strong>euenerunt</strong></span> <span class='ocrx_word' id='word_1_199' title='bbox 195 2267 270 2318; x_wconf 75' lang='lat' dir='ltr'><strong>milri?</strong></span> <span class='ocrx_word' id='word_1_200' title='bbox 293 2269 336 2317; x_wconf 85' lang='lat' dir='ltr'><strong>lta</strong></span> <span class='ocrx_word' id='word_1_201' title='bbox 347 2276 373 2317; x_wconf 89' lang='lat' dir='ltr'><strong>et</strong></span> <span class='ocrx_word' id='word_1_202' title='bbox 387 2269 431 2316; x_wconf 89' lang='lat' dir='ltr'><strong>Br.</strong></span> <span class='ocrx_word' id='word_1_203' title='bbox 442 2269 540 2332; x_wconf 88' lang='lat' dir='ltr'><strong>Delplr.</strong></span> <span class='ocrx_word' id='word_1_204' title='bbox 560 2268 638 2318; x_wconf 87' lang='lat' dir='ltr'><strong>Botlr.</strong></span> <span class='ocrx_word' id='word_1_205' title='bbox 652 2269 722 2317; x_wconf 89' lang='lat' dir='ltr'><strong>Peri.</strong></span> <span class='ocrx_word' id='word_1_206' title='bbox 739 2275 914 2331; x_wconf 69' lang='lat' dir='ltr'><strong>preterquam</strong></span> <span class='ocrx_word' id='word_1_207' title='bbox 927 2267 995 2330; x_wconf 87' lang='lat' dir='ltr'><strong>qaod</strong></span> <span class='ocrx_word' id='word_1_208' title='bbox 1007 2266 1059 2316; x_wconf 90' lang='lat' dir='ltr'><strong>duo</strong></span> <span class='ocrx_word' id='word_1_209' title='bbox 1071 2273 1157 2328; x_wconf 88' lang='lat' dir='ltr'><strong>poste·</strong></span> 
     </span>
     <span class='ocr_line' id='line_1_23' title="bbox 59 2329 1168 2392; baseline 0.002 -14"><span class='ocrx_word' id='word_1_210' title='bbox 59 2329 141 2379; x_wconf 84' lang='lat' dir='ltr'><strong>r&#39;iores</strong></span> <span class='ocrx_word' id='word_1_211' title='bbox 154 2339 240 2381; x_wconf 87' lang='lat' dir='ltr'><strong>notam</strong></span> <span class='ocrx_word' id='word_1_212' title='bbox 250 2331 446 2392; x_wconf 79' lang='lat' dir='ltr'><strong>exclamationis</strong></span> <span class='ocrx_word' id='word_1_213' title='bbox 457 2332 530 2382; x_wconf 87' lang='lat' dir='ltr'><strong>dant.</strong></span> <span class='ocrx_word' id='word_1_214' title='bbox 563 2333 634 2381; x_wconf 83' lang='lat' dir='ltr'><strong>illum</strong></span> <span class='ocrx_word' id='word_1_215' title='bbox 643 2333 756 2381; x_wconf 70' lang='lat' dir='ltr'><strong>tte-ec</strong></span> <span class='ocrx_word' id='word_1_216' title='bbox 770 2331 803 2381; x_wconf 82' lang='lat' dir='ltr'><strong>‘tl</strong></span> <span class='ocrx_word' id='word_1_217' title='bbox 817 2332 844 2381; x_wconf 86' lang='lat' dir='ltr'><strong>iu</strong></span> <span class='ocrx_word' id='word_1_218' title='bbox 861 2345 912 2379; x_wconf 88' lang='lat' dir='ltr'><strong>non</strong></span> <span class='ocrx_word' id='word_1_219' title='bbox 928 2331 1008 2380; x_wconf 87' lang='lat' dir='ltr'><strong>habet</strong></span> <span class='ocrx_word' id='word_1_220' title='bbox 1019 2331 1168 2383; x_wconf 48' lang='lat' dir='ltr'><strong>Perta-27-</strong></span> 
     </span>
     <span class='ocr_line' id='line_1_24' title="bbox 59 2392 1159 2460; baseline 0.002 -16"><span class='ocrx_word' id='word_1_221' title='bbox 59 2392 144 2444; x_wconf 86' lang='lat' dir='ltr'><strong>Recte</strong></span> <span class='ocrx_word' id='word_1_222' title='bbox 158 2396 199 2443; x_wconf 87' lang='lat' dir='ltr'><strong>iric</strong></span> <span class='ocrx_word' id='word_1_223' title='bbox 211 2395 330 2460; x_wconf 84' lang='lat' dir='ltr'><strong>Guyetus</strong></span> <span class='ocrx_word' id='word_1_224' title='bbox 343 2411 397 2445; x_wconf 88' lang='lat' dir='ltr'><strong>rem</strong></span> <span class='ocrx_word' id='word_1_225' title='bbox 410 2399 499 2460; x_wconf 81' lang='lat' dir='ltr'><strong>gessit,</strong></span> <span class='ocrx_word' id='word_1_226' title='bbox 510 2411 637 2460; x_wconf 89' lang='lat' dir='ltr'><strong>reponens</strong></span> <span class='ocrx_word' id='word_1_227' title='bbox 648 2398 674 2446; x_wconf 83' lang='lat' dir='ltr'><strong>in</strong></span> <span class='ocrx_word' id='word_1_228' title='bbox 684 2399 829 2460; x_wconf 74' lang='lat' dir='ltr'><strong>impluvium.</strong></span> <span class='ocrx_word' id='word_1_229' title='bbox 847 2397 925 2446; x_wconf 87' lang='lat' dir='ltr'><strong>Bent.</strong></span> <span class='ocrx_word' id='word_1_230' title='bbox 959 2397 990 2445; x_wconf 85' lang='lat' dir='ltr'><strong>In</strong></span> <span class='ocrx_word' id='word_1_231' title='bbox 999 2395 1077 2446; x_wconf 87' lang='lat' dir='ltr'><strong>Both.</strong></span> <span class='ocrx_word' id='word_1_232' title='bbox 1085 2395 1159 2449; x_wconf 80' lang='lat' dir='ltr'><strong>Peri.</strong></span> 
     </span>
     <span class='ocr_line' id='line_1_25' title="bbox 58 2458 1157 2524; baseline 0.001 -16"><span class='ocrx_word' id='word_1_233' title='bbox 58 2462 126 2508; x_wconf 77' lang='lat'><strong>—29</strong></span> <span class='ocrx_word' id='word_1_234' title='bbox 141 2458 253 2523; x_wconf 78' lang='lat' dir='ltr'><strong>Aruepea</strong></span> <span class='ocrx_word' id='word_1_235' title='bbox 263 2462 419 2511; x_wconf 89' lang='lat' dir='ltr'><strong>Beut.Psrl.</strong></span> <span class='ocrx_word' id='word_1_236' title='bbox 431 2463 461 2512; x_wconf 84' lang='lat' dir='ltr'><strong>Z.</strong></span> <span class='ocrx_word' id='word_1_237' title='bbox 487 2463 617 2524; x_wconf 79' lang='lat' dir='ltr'><strong>Haruspex</strong></span> <span class='ocrx_word' id='word_1_238' title='bbox 627 2469 710 2511; x_wconf 86' lang='lat' dir='ltr'><strong>tamen</strong></span> <span class='ocrx_word' id='word_1_239' title='bbox 720 2461 866 2510; x_wconf 88' lang='lat' dir='ltr'><strong>defendant</strong></span> <span class='ocrx_word' id='word_1_240' title='bbox 876 2462 928 2511; x_wconf 89' lang='lat' dir='ltr'><strong>Do.</strong></span> <span class='ocrx_word' id='word_1_241' title='bbox 938 2460 1006 2511; x_wconf 78' lang='lat' dir='ltr'><strong>Gor.</strong></span> <span class='ocrx_word' id='word_1_242' title='bbox 1029 2460 1157 2523; x_wconf 79' lang='lat' dir='ltr'><strong>‘Aliquid</strong></span> 
     </span>
     <span class='ocr_line' id='line_1_26' title="bbox 58 2523 1160 2590; baseline 0.004 -20"><span class='ocrx_word' id='word_1_243' title='bbox 58 2523 123 2571; x_wconf 81' lang='lat' dir='ltr'><strong>wit.</strong></span> <span class='ocrx_word' id='word_1_244' title='bbox 133 2525 197 2587; x_wconf 87' lang='lat' dir='ltr'><strong>quid.</strong></span> <span class='ocrx_word' id='word_1_245' title='bbox 208 2523 283 2573; x_wconf 85' lang='lat' dir='ltr'><strong>Bodl.</strong></span> <span class='ocrx_word' id='word_1_246' title='bbox 292 2533 385 2574; x_wconf 76' lang='lat' dir='ltr'><strong>eutem.-</strong></span> <span class='ocrx_word' id='word_1_247' title='bbox 400 2526 471 2589; x_wconf 91' lang='lat' dir='ltr'><strong>quod</strong></span> <span class='ocrx_word' id='word_1_248' title='bbox 483 2528 546 2575; x_wconf 89' lang='lat' dir='ltr'><strong>etin</strong></span> <span class='ocrx_word' id='word_1_249' title='bbox 559 2527 689 2589; x_wconf 87' lang='lat' dir='ltr'><strong>impressis</strong></span> <span class='ocrx_word' id='word_1_250' title='bbox 697 2526 851 2590; x_wconf 82' lang='lat' dir='ltr'><strong>quibusdem</strong></span> <span class='ocrx_word' id='word_1_251' title='bbox 863 2532 921 2586; x_wconf 86' lang='lat' dir='ltr'><strong>est;</strong></span> <span class='ocrx_word' id='word_1_252' title='bbox 933 2524 1103 2590; x_wconf 77' lang='lat' dir='ltr'><strong>defenditque</strong></span> <span class='ocrx_word' id='word_1_253' title='bbox 1113 2525 1160 2574; x_wconf 87' lang='lat' dir='ltr'><strong>Fa.</strong></span> 
     </span>
     <span class='ocr_line' id='line_1_27' title="bbox 58 2589 1160 2654; baseline 0.001 -18"><span class='ocrx_word' id='word_1_254' title='bbox 58 2601 94 2636; x_wconf 85' lang='lat' dir='ltr'><strong>ex</strong></span> <span class='ocrx_word' id='word_1_255' title='bbox 107 2589 291 2652; x_wconf 77' lang='lat' dir='ltr'><strong>antiquissimis</strong></span> <span class='ocrx_word' id='word_1_256' title='bbox 303 2590 391 2638; x_wconf 82' lang='lat' dir='ltr'><strong>libris:</strong></span> <span class='ocrx_word' id='word_1_257' title='bbox 416 2590 518 2654; x_wconf 90' lang='lat' dir='ltr'><strong>quando</strong></span> <span class='ocrx_word' id='word_1_258' title='bbox 527 2590 557 2638; x_wconf 84' lang='lat' dir='ltr'><strong>ri</strong></span> <span class='ocrx_word' id='word_1_259' title='bbox 573 2589 722 2654; x_wconf 88' lang='lat' dir='ltr'><strong>‘incipere&#39;</strong></span> <span class='ocrx_word' id='word_1_260' title='bbox 739 2591 790 2639; x_wconf 92' lang='lat' dir='ltr'><strong>erit</strong></span> <span class='ocrx_word' id='word_1_261' title='bbox 805 2589 912 2638; x_wconf 87' lang='lat' dir='ltr'><strong>nominis</strong></span> <span class='ocrx_word' id='word_1_262' title='bbox 923 2590 989 2649; x_wconf 91' lang='lat' dir='ltr'><strong>loco,</strong></span> <span class='ocrx_word' id='word_1_263' title='bbox 1021 2604 1059 2648; x_wconf 90' lang='lat' dir='ltr'><strong>ro,</strong></span> <span class='ocrx_word' id='word_1_264' title='bbox 1070 2589 1160 2651; x_wconf 88' lang='lat' dir='ltr'><strong>incep-</strong></span> 
     </span>
     <span class='ocr_line' id='line_1_28' title="bbox 59 2652 1159 2717; baseline 0.001 -17"><span class='ocrx_word' id='word_1_265' title='bbox 59 2652 299 2715; x_wconf 70' lang='lat' dir='ltr'><strong>tiouorinegotii!</strong></span> <span class='ocrx_word' id='word_1_266' title='bbox 325 2653 403 2702; x_wconf 86' lang='lat' dir='ltr'><strong>West.</strong></span> <span class='ocrx_word' id='word_1_267' title='bbox 441 2655 552 2717; x_wconf 83' lang='lat' dir='ltr'><strong>Arueperr</strong></span> <span class='ocrx_word' id='word_1_268' title='bbox 561 2655 639 2702; x_wconf 83' lang='lat' dir='ltr'><strong>uetuit</strong></span> <span class='ocrx_word' id='word_1_269' title='bbox 649 2659 705 2702; x_wconf 88' lang='lat' dir='ltr'><strong>unte</strong></span> <span class='ocrx_word' id='word_1_270' title='bbox 715 2654 821 2702; x_wconf 77' lang='lat' dir='ltr'><strong>brumam</strong></span> <span class='ocrx_word' id='word_1_271' title='bbox 832 2653 922 2715; x_wconf 83' lang='lat' dir='ltr'><strong>aliquid</strong></span> <span class='ocrx_word' id='word_1_272' title='bbox 931 2654 987 2701; x_wconf 82' lang='lat' dir='ltr'><strong>nori</strong></span> <span class='ocrx_word' id='word_1_273' title='bbox 1025 2653 1159 2714; x_wconf 79' lang='lat' dir='ltr'><strong>egotiirrci·</strong></span> 
     </span>
     <span class='ocr_line' id='line_1_29' title="bbox 55 2714 1159 2781; baseline -0.001 -16"><span class='ocrx_word' id='word_1_274' title='bbox 55 2731 124 2780; x_wconf 82' lang='lat' dir='ltr'><strong>pere.</strong></span> <span class='ocrx_word' id='word_1_275' title='bbox 149 2714 329 2781; x_wconf 79' lang='lat' dir='ltr'><strong>Antiquissimi</strong></span> <span class='ocrx_word' id='word_1_276' title='bbox 347 2717 406 2766; x_wconf 88' lang='lat' dir='ltr'><strong>lrbrl</strong></span> <span class='ocrx_word' id='word_1_277' title='bbox 421 2732 472 2766; x_wconf 90' lang='lat' dir='ltr'><strong>uon</strong></span> <span class='ocrx_word' id='word_1_278' title='bbox 483 2716 619 2766; x_wconf 56' lang='lat' dir='ltr'><strong>habentui</strong></span> <span class='ocrx_word' id='word_1_279' title='bbox 629 2719 735 2780; x_wconf 83' lang='lat' dir='ltr'><strong>aliquid:</strong></span> <span class='ocrx_word' id='word_1_280' title='bbox 752 2718 797 2766; x_wconf 88' lang='lat' dir='ltr'><strong>sed</strong></span> <span class='ocrx_word' id='word_1_281' title='bbox 811 2719 867 2766; x_wconf 90' lang='lat' dir='ltr'><strong>loco</strong></span> <span class='ocrx_word' id='word_1_282' title='bbox 877 2717 933 2778; x_wconf 86' lang='lat' dir='ltr'><strong>ejus</strong></span> <span class='ocrx_word' id='word_1_283' title='bbox 945 2721 1039 2765; x_wconf 85' lang='lat' dir='ltr'><strong>autem:</strong></span> <span class='ocrx_word' id='word_1_284' title='bbox 1057 2715 1159 2779; x_wconf 90' lang='lat' dir='ltr'><strong>quodsi</strong></span> 
     </span>
     <span class='ocr_line' id='line_1_30' title="bbox 59 2778 1159 2845; baseline 0.001 -17"><span class='ocrx_word' id='word_1_285' title='bbox 59 2780 249 2840; x_wconf 84' lang='lat' dir='ltr'><strong>admiserimus,</strong></span> <span class='ocrx_word' id='word_1_286' title='bbox 258 2780 266 2807; x_wconf 89' lang='lat'>‘</span> <span class='ocrx_word' id='word_1_287' title='bbox 275 2779 404 2842; x_wconf 82' lang='lat' dir='ltr'><strong>incipere&#39;</strong></span> <span class='ocrx_word' id='word_1_288' title='bbox 421 2796 513 2830; x_wconf 90' lang='lat' dir='ltr'><strong>nomen</strong></span> <span class='ocrx_word' id='word_1_289' title='bbox 525 2782 591 2842; x_wconf 82' lang='lat' dir='ltr'><strong>erit3</strong></span> <span class='ocrx_word' id='word_1_290' title='bbox 608 2791 648 2838; x_wconf 88' lang='lat' dir='ltr'><strong>nt,</strong></span> <span class='ocrx_word' id='word_1_291' title='bbox 658 2784 666 2809; x_wconf 77' lang='lat'>⁴</span> <span class='ocrx_word' id='word_1_292' title='bbox 677 2781 751 2831; x_wconf 87' lang='lat' dir='ltr'><strong>Scire</strong></span> <span class='ocrx_word' id='word_1_293' title='bbox 763 2789 834 2830; x_wconf 89' lang='lat' dir='ltr'><strong>taum</strong></span> <span class='ocrx_word' id='word_1_294' title='bbox 844 2784 860 2828; x_wconf 73' lang='grc' dir='ltr'><strong>ε’</strong></span> <span class='ocrx_word' id='word_1_295' title='bbox 876 2780 948 2845; x_wconf 87' lang='lat' dir='ltr'><strong>quasi</strong></span> <span class='ocrx_word' id='word_1_296' title='bbox 963 2779 1073 2842; x_wconf 91' lang='lat' dir='ltr'><strong>diceret,</strong></span> <span class='ocrx_word' id='word_1_297' title='bbox 1087 2778 1159 2829; x_wconf 82' lang='lat' dir='ltr'><strong>aras-</strong></span> 
     </span>
     <span class='ocr_line' id='line_1_31' title="bbox 59 2843 1160 2910; baseline 0.005 -20"><span class='ocrx_word' id='word_1_298' title='bbox 59 2856 115 2906; x_wconf 87' lang='lat' dir='ltr'><strong>pex</strong></span> <span class='ocrx_word' id='word_1_299' title='bbox 126 2843 209 2890; x_wconf 88' lang='lat' dir='ltr'><strong>vetuit</strong></span> <span class='ocrx_word' id='word_1_300' title='bbox 220 2844 395 2906; x_wconf 85' lang='lat' dir='ltr'><strong>inceptionem</strong></span> <span class='ocrx_word' id='word_1_301' title='bbox 405 2848 464 2893; x_wconf 84' lang='lat' dir='ltr'><strong>nori</strong></span> <span class='ocrx_word' id='word_1_302' title='bbox 477 2846 584 2910; x_wconf 77' lang='lat' dir='ltr'><strong>negotii.</strong></span> <span class='ocrx_word' id='word_1_303' title='bbox 602 2847 647 2894; x_wconf 85' lang='lat' dir='ltr'><strong>Fa.</strong></span> <span class='ocrx_word' id='word_1_304' title='bbox 680 2847 791 2908; x_wconf 82' lang='lat' dir='ltr'><strong>Aruepex</strong></span> <span class='ocrx_word' id='word_1_305' title='bbox 801 2845 876 2893; x_wconf 81' lang='lat' dir='ltr'><strong>uetuit</strong></span> <span class='ocrx_word' id='word_1_306' title='bbox 892 2849 947 2893; x_wconf 85' lang='lat' dir='ltr'><strong>aute</strong></span> <span class='ocrx_word' id='word_1_307' title='bbox 965 2843 1070 2892; x_wconf 84' lang='lat' dir='ltr'><strong>brumam</strong></span> <span class='ocrx_word' id='word_1_308' title='bbox 1080 2850 1160 2894; x_wconf 82' lang='lat' dir='ltr'><strong>auterre</strong></span> 
     </span>
     <span class='ocr_line' id='line_1_32' title="bbox 58 2906 1160 2973; baseline 0.003 -19"><span class='ocrx_word' id='word_1_309' title='bbox 58 2906 117 2955; x_wconf 82' lang='lat' dir='ltr'><strong>nori</strong></span> <span class='ocrx_word' id='word_1_310' title='bbox 129 2907 220 2967; x_wconf 83' lang='lat' dir='ltr'><strong>Negoti</strong></span> <span class='ocrx_word' id='word_1_311' title='bbox 227 2908 340 2970; x_wconf 83' lang='lat' dir='ltr'><strong>incipere,</strong></span> <span class='ocrx_word' id='word_1_312' title='bbox 350 2923 402 2971; x_wconf 81' lang='lat' dir='ltr'><strong>qum</strong></span> <span class='ocrx_word' id='word_1_313' title='bbox 412 2915 506 2958; x_wconf 81' lang='lat' dir='ltr'><strong>eausaet</strong></span> <span class='ocrx_word' id='word_1_314' title='bbox 517 2910 661 2969; x_wconf 81' lang='lat' dir='ltr'><strong>justissima.</strong></span> <span class='ocrx_word' id='word_1_315' title='bbox 687 2909 817 2973; x_wconf 82' lang='lat' dir='ltr'><strong>Quicquid</strong></span> <span class='ocrx_word' id='word_1_316' title='bbox 831 2909 920 2957; x_wconf 90' lang='lat' dir='ltr'><strong>dicant</strong></span> <span class='ocrx_word' id='word_1_317' title='bbox 931 2908 968 2956; x_wconf 91' lang='lat' dir='ltr'><strong>illi</strong></span> <span class='ocrx_word' id='word_1_318' title='bbox 980 2908 1160 2972; x_wconf 71' lang='lat' dir='ltr'><strong>antiquissimi,</strong></span> 
     </span>
     <span class='ocr_line' id='line_1_33' title="bbox 59 2972 1160 3036; baseline 0.001 -16"><span class='ocrx_word' id='word_1_319' title='bbox 59 2973 88 3020; x_wconf 90' lang='lat' dir='ltr'><strong>in</strong></span> <span class='ocrx_word' id='word_1_320' title='bbox 100 2972 149 3020; x_wconf 88' lang='lat' dir='ltr'><strong>hac</strong></span> <span class='ocrx_word' id='word_1_321' title='bbox 162 2973 363 3034; x_wconf 85' lang='lat' dir='ltr'><strong>constructione,</strong></span> <span class='ocrx_word' id='word_1_322' title='bbox 374 2973 437 3022; x_wconf 88' lang='lat' dir='ltr'><strong>illud</strong></span> <span class='ocrx_word' id='word_1_323' title='bbox 457 2979 535 3023; x_wconf 87' lang='lat' dir='ltr'><strong>autem</strong></span> <span class='ocrx_word' id='word_1_324' title='bbox 552 2980 628 3023; x_wconf 86' lang='lat' dir='ltr'><strong>extra</strong></span> <span class='ocrx_word' id='word_1_325' title='bbox 646 2975 730 3023; x_wconf 88' lang='lat' dir='ltr'><strong>lccnur</strong></span> <span class='ocrx_word' id='word_1_326' title='bbox 749 2980 778 3022; x_wconf 89' lang='lat' dir='ltr'><strong>et</strong></span> <span class='ocrx_word' id='word_1_327' title='bbox 794 2973 909 3021; x_wconf 85' lang='lat' dir='ltr'><strong>ordinem</strong></span> <span class='ocrx_word' id='word_1_328' title='bbox 921 2972 1034 3036; x_wconf 90' lang='lat' dir='ltr'><strong>ponitur.</strong></span> <span class='ocrx_word' id='word_1_329' title='bbox 1067 2973 1160 3022; x_wconf 86' lang='lat' dir='ltr'><strong>Nostri</strong></span> 
     </span>
     <span class='ocr_line' id='line_1_34' title="bbox 60 3036 1160 3098; baseline 0.002 -14"><span class='ocrx_word' id='word_1_330' title='bbox 60 3046 150 3084; x_wconf 85' lang='lat' dir='ltr'><strong>tamen</strong></span> <span class='ocrx_word' id='word_1_331' title='bbox 162 3037 280 3085; x_wconf 88' lang='lat' dir='ltr'><strong>meliores</strong></span> <span class='ocrx_word' id='word_1_332' title='bbox 292 3050 389 3086; x_wconf 84' lang='lat' dir='ltr'><strong>summo</strong></span> <span class='ocrx_word' id='word_1_333' title='bbox 400 3052 525 3088; x_wconf 88' lang='lat' dir='ltr'><strong>consensu</strong></span> <span class='ocrx_word' id='word_1_334' title='bbox 542 3043 637 3087; x_wconf 85' lang='lat' dir='ltr'><strong>autern:</strong></span> <span class='ocrx_word' id='word_1_335' title='bbox 660 3054 694 3088; x_wconf 86' lang='lat' dir='ltr'><strong>ex</strong></span> <span class='ocrx_word' id='word_1_336' title='bbox 706 3037 894 3086; x_wconf 88' lang='lat' dir='ltr'><strong>recentioribus</strong></span> <span class='ocrx_word' id='word_1_337' title='bbox 912 3036 963 3085; x_wconf 90' lang='lat' dir='ltr'><strong>duo</strong></span> <span class='ocrx_word' id='word_1_338' title='bbox 979 3036 1079 3098; x_wconf 85' lang='lat' dir='ltr'><strong>aliquid,</strong></span> <span class='ocrx_word' id='word_1_339' title='bbox 1095 3051 1160 3086; x_wconf 89' lang='lat' dir='ltr'><strong>nnus</strong></span> 
     </span>
     <span class='ocr_line' id='line_1_35' title="bbox 61 3100 1162 3166; baseline 0.003 -18"><span class='ocrx_word' id='word_1_340' title='bbox 61 3106 141 3148; x_wconf 87' lang='lat' dir='ltr'><strong>cutem</strong></span> <span class='ocrx_word' id='word_1_341' title='bbox 150 3102 251 3164; x_wconf 86' lang='lat' dir='ltr'><strong>aliquid,</strong></span> <span class='ocrx_word' id='word_1_342' title='bbox 261 3103 330 3151; x_wconf 85' lang='lat' dir='ltr'><strong>alter</strong></span> <span class='ocrx_word' id='word_1_343' title='bbox 347 3108 425 3152; x_wconf 86' lang='lat' dir='ltr'><strong>autem</strong></span> <span class='ocrx_word' id='word_1_344' title='bbox 444 3104 509 3166; x_wconf 83' lang='lat' dir='ltr'><strong>quid.</strong></span> <span class='ocrx_word' id='word_1_345' title='bbox 545 3103 645 3166; x_wconf 81' lang='lat' dir='ltr'><strong>Nempe</strong></span> <span class='ocrx_word' id='word_1_346' title='bbox 656 3104 705 3153; x_wconf 90' lang='lat' dir='ltr'><strong>hac</strong></span> <span class='ocrx_word' id='word_1_347' title='bbox 716 3103 856 3152; x_wconf 89' lang='lat' dir='ltr'><strong>adductam</strong></span> <span class='ocrx_word' id='word_1_348' title='bbox 868 3106 909 3150; x_wconf 89' lang='lat' dir='ltr'><strong>est</strong></span> <span class='ocrx_word' id='word_1_349' title='bbox 924 3101 1014 3164; x_wconf 87' lang='lat' dir='ltr'><strong>aliquid</strong></span> <span class='ocrx_word' id='word_1_350' title='bbox 1033 3100 1075 3150; x_wconf 82' lang='lat' dir='ltr'><strong>vel</strong></span> <span class='ocrx_word' id='word_1_351' title='bbox 1093 3101 1162 3164; x_wconf 82' lang='lat' dir='ltr'><strong>quid,</strong></span> 
     </span>
     <span class='ocr_line' id='line_1_36' title="bbox 62 3163 1169 3231; baseline 0.001 -18"><span class='ocrx_word' id='word_1_352' title='bbox 62 3166 124 3228; x_wconf 85' lang='lat' dir='ltr'><strong>quia</strong></span> <span class='ocrx_word' id='word_1_353' title='bbox 133 3168 264 3215; x_wconf 87' lang='lat' dir='ltr'><strong>sententia</strong></span> <span class='ocrx_word' id='word_1_354' title='bbox 273 3166 366 3231; x_wconf 84' lang='lat' dir='ltr'><strong>alioqui</strong></span> <span class='ocrx_word' id='word_1_355' title='bbox 380 3183 472 3217; x_wconf 85' lang='lat' dir='ltr'><strong>manca</strong></span> <span class='ocrx_word' id='word_1_356' title='bbox 482 3175 511 3218; x_wconf 91' lang='lat' dir='ltr'><strong>et</strong></span> <span class='ocrx_word' id='word_1_357' title='bbox 521 3168 709 3224; x_wconf 84' lang='lat' dir='ltr'><strong>mutilaesset.</strong></span> <span class='ocrx_word' id='word_1_358' title='bbox 743 3165 798 3216; x_wconf 79' lang='lat' dir='ltr'><strong>Aut</strong></span> <span class='ocrx_word' id='word_1_359' title='bbox 808 3163 883 3215; x_wconf 82' lang='lat' dir='ltr'><strong>valde</strong></span> <span class='ocrx_word' id='word_1_360' title='bbox 893 3164 970 3214; x_wconf 84' lang='lat' dir='ltr'><strong>fallor</strong></span> <span class='ocrx_word' id='word_1_361' title='bbox 980 3171 1026 3214; x_wconf 85' lang='lat' dir='ltr'><strong>attt</strong></span> <span class='ocrx_word' id='word_1_362' title='bbox 1040 3178 1169 3228; x_wconf 77' lang='lat' dir='ltr'><strong>maguum</strong></span> 
     </span>
     <span class='ocr_line' id='line_1_37' title="bbox 61 3229 1160 3296; baseline 0.003 -19"><span class='ocrx_word' id='word_1_363' title='bbox 61 3231 105 3278; x_wconf 82' lang='lat' dir='ltr'><strong>liic</strong></span> <span class='ocrx_word' id='word_1_364' title='bbox 117 3231 300 3291; x_wconf 83' lang='lat' dir='ltr'><strong>Magistromrrr</strong></span> <span class='ocrx_word' id='word_1_365' title='bbox 312 3230 435 3296; x_wconf 84' lang='lat' dir='ltr'><strong>flagitium</strong></span> <span class='ocrx_word' id='word_1_366' title='bbox 447 3234 522 3283; x_wconf 77' lang='lat' dir='ltr'><strong>latet.</strong></span> <span class='ocrx_word' id='word_1_367' title='bbox 562 3235 682 3282; x_wconf 84' lang='lat' dir='ltr'><strong>Donatus</strong></span> <span class='ocrx_word' id='word_1_368' title='bbox 695 3232 728 3281; x_wconf 85' lang='lat' dir='ltr'><strong>ad</strong></span> <span class='ocrx_word' id='word_1_369' title='bbox 740 3234 840 3282; x_wconf 88' lang='lat' dir='ltr'><strong>locum:</strong></span> <span class='ocrx_word' id='word_1_370' title='bbox 857 3230 945 3280; x_wconf 74' lang='lat' dir='ltr'><strong>‘Ante</strong></span> <span class='ocrx_word' id='word_1_371' title='bbox 954 3230 1060 3281; x_wconf 56' lang='lat' dir='ltr'><strong>&amp;msam</strong></span> <span class='ocrx_word' id='word_1_372' title='bbox 1069 3229 1160 3294; x_wconf 85' lang='lat' dir='ltr'><strong>autem]</strong></span> 
     </span>
     <span class='ocr_line' id='line_1_38' title="bbox 62 3294 1161 3362; baseline 0.004 -19"><span class='ocrx_word' id='word_1_373' title='bbox 62 3294 148 3343; x_wconf 87' lang='lat' dir='ltr'><strong>Irririt</strong></span> <span class='ocrx_word' id='word_1_374' title='bbox 158 3296 272 3344; x_wconf 84' lang='lat' dir='ltr'><strong>homines</strong></span> <span class='ocrx_word' id='word_1_375' title='bbox 283 3296 430 3358; x_wconf 84' lang='lat' dir='ltr'><strong>Terentiae,</strong></span> <span class='ocrx_word' id='word_1_376' title='bbox 442 3297 534 3361; x_wconf 90' lang='lat' dir='ltr'><strong>quibas</strong></span> <span class='ocrx_word' id='word_1_377' title='bbox 546 3299 638 3361; x_wconf 83' lang='lat' dir='ltr'><strong>religio</strong></span> <span class='ocrx_word' id='word_1_378' title='bbox 650 3300 684 3348; x_wconf 90' lang='lat' dir='ltr'><strong>sit</strong></span> <span class='ocrx_word' id='word_1_379' title='bbox 694 3299 801 3362; x_wconf 82' lang='lat' dir='ltr'><strong>aggredi</strong></span> <span class='ocrx_word' id='word_1_380' title='bbox 813 3295 942 3359; x_wconf 77' lang='lat' dir='ltr'><strong>negotium</strong></span> <span class='ocrx_word' id='word_1_381' title='bbox 954 3295 1058 3360; x_wconf 88' lang='lat' dir='ltr'><strong>aliquod</strong></span> <span class='ocrx_word' id='word_1_382' title='bbox 1069 3296 1161 3347; x_wconf 86' lang='lat' dir='ltr'><strong>diebus</strong></span> 
     </span>
     <span class='ocr_line' id='line_1_39' title="bbox 64 3357 1161 3426; baseline 0.001 -18"><span class='ocrx_word' id='word_1_383' title='bbox 64 3358 289 3409; x_wconf 74' lang='lat' dir='ltr'><strong>decrescentibus!</strong></span> <span class='ocrx_word' id='word_1_384' title='bbox 320 3357 403 3421; x_wconf 79' lang='lat' dir='ltr'><strong>Atqui</strong></span> <span class='ocrx_word' id='word_1_385' title='bbox 420 3375 470 3410; x_wconf 89' lang='lat' dir='ltr'><strong>uon</strong></span> <span class='ocrx_word' id='word_1_386' title='bbox 491 3378 556 3426; x_wconf 87' lang='lat' dir='ltr'><strong>opus</strong></span> <span class='ocrx_word' id='word_1_387' title='bbox 575 3369 632 3412; x_wconf 85' lang='lat' dir='ltr'><strong>erat</strong></span> <span class='ocrx_word' id='word_1_388' title='bbox 651 3365 781 3426; x_wconf 85' lang='lat' dir='ltr'><strong>aruspice,</strong></span> <span class='ocrx_word' id='word_1_389' title='bbox 791 3370 820 3412; x_wconf 88' lang='lat' dir='ltr'><strong>at</strong></span> <span class='ocrx_word' id='word_1_390' title='bbox 831 3362 911 3412; x_wconf 88' lang='lat' dir='ltr'><strong>sciret</strong></span> <span class='ocrx_word' id='word_1_391' title='bbox 930 3361 1096 3426; x_wconf 88' lang='lat' dir='ltr'><strong>aliquis-dies</strong></span> <span class='ocrx_word' id='word_1_392' title='bbox 1115 3360 1161 3410; x_wconf 80' lang='lat' dir='ltr'><strong>de·</strong></span> 
     </span>
     <span class='ocr_line' id='line_1_40' title="bbox 55 3422 1161 3500; baseline -0.001 -28"><span class='ocrx_word' id='word_1_393' title='bbox 55 3438 190 3474; x_wconf 87' lang='lat' dir='ltr'><strong>crescere.</strong></span> <span class='ocrx_word' id='word_1_394' title='bbox 224 3424 294 3474; x_wconf 83' lang='lat' dir='ltr'><strong>Ante</strong></span> <span class='ocrx_word' id='word_1_395' title='bbox 312 3422 428 3472; x_wconf 90' lang='lat' dir='ltr'><strong>brumam</strong></span> <span class='ocrx_word' id='word_1_396' title='bbox 444 3425 507 3474; x_wconf 88' lang='lat' dir='ltr'><strong>nihil</strong></span> <span class='ocrx_word' id='word_1_397' title='bbox 525 3428 611 3487; x_wconf 76' lang='lat' dir='ltr'><strong>magni</strong></span> <span class='ocrx_word' id='word_1_398' title='bbox 629 3430 728 3490; x_wconf 81' lang='lat' dir='ltr'><strong>negotii</strong></span> <span class='ocrx_word' id='word_1_399' title='bbox 746 3429 872 3491; x_wconf 76' lang='lat' dir='ltr'><strong>incipere,</strong></span> <span class='ocrx_word' id='word_1_400' title='bbox 892 3441 943 3476; x_wconf 89' lang='lat' dir='ltr'><strong>non</strong></span> <span class='ocrx_word' id='word_1_401' title='bbox 962 3441 995 3476; x_wconf 84' lang='lat' dir='ltr'><strong>ex</strong></span> <span class='ocrx_word' id='word_1_402' title='bbox 1014 3425 1161 3500; x_wconf 83' lang='lat' dir='ltr'><strong>aruspicina</strong></span> 
     </span>
     <span class='ocr_line' id='line_1_41' title="bbox 64 3486 1161 3553; baseline -0.003 -16"><span class='ocrx_word' id='word_1_403' title='bbox 64 3487 148 3550; x_wconf 81' lang='lat' dir='ltr'><strong>fluxit,</strong></span> <span class='ocrx_word' id='word_1_404' title='bbox 158 3490 202 3539; x_wconf 90' lang='lat' dir='ltr'><strong>sed</strong></span> <span class='ocrx_word' id='word_1_405' title='bbox 215 3489 321 3539; x_wconf 88' lang='lat' dir='ltr'><strong>alterius</strong></span> <span class='ocrx_word' id='word_1_406' title='bbox 334 3502 437 3551; x_wconf 88' lang='lat' dir='ltr'><strong>prorsas</strong></span> <span class='ocrx_word' id='word_1_407' title='bbox 448 3486 498 3536; x_wconf 85' lang='lat' dir='ltr'><strong>tuit</strong></span> <span class='ocrx_word' id='word_1_408' title='bbox 510 3490 711 3551; x_wconf 85' lang='lat' dir='ltr'><strong>superstitionis.</strong></span> <span class='ocrx_word' id='word_1_409' title='bbox 746 3492 804 3538; x_wconf 86' lang='lat' dir='ltr'><strong>lloc</strong></span> <span class='ocrx_word' id='word_1_410' title='bbox 816 3490 909 3553; x_wconf 88' lang='lat' dir='ltr'><strong>posito,</strong></span> <span class='ocrx_word' id='word_1_411' title='bbox 918 3490 1008 3538; x_wconf 82' lang='lat' dir='ltr'><strong>videor</strong></span> <span class='ocrx_word' id='word_1_412' title='bbox 1024 3490 1086 3536; x_wconf 88' lang='lat' dir='ltr'><strong>mila</strong></span> <span class='ocrx_word' id='word_1_413' title='bbox 1095 3501 1161 3535; x_wconf 39' lang='lat' dir='ltr'><strong>&gt;meo</strong></span> 
     </span>
     <span class='ocr_line' id='line_1_42' title="bbox 59 3551 1162 3616; baseline -0.003 -15"><span class='ocrx_word' id='word_1_414' title='bbox 59 3554 123 3616; x_wconf 85' lang='lat' dir='ltr'><strong>jure</strong></span> <span class='ocrx_word' id='word_1_415' title='bbox 143 3561 202 3616; x_wconf 89' lang='lat' dir='ltr'><strong>post</strong></span> <span class='ocrx_word' id='word_1_416' title='bbox 219 3555 294 3604; x_wconf 84' lang='lat' dir='ltr'><strong>uetuit</strong></span> <span class='ocrx_word' id='word_1_417' title='bbox 312 3553 482 3616; x_wconf 82' lang='lat' dir='ltr'><strong>distinguere,</strong></span> <span class='ocrx_word' id='word_1_418' title='bbox 502 3554 601 3602; x_wconf 83' lang='lat' dir='ltr'><strong>Gallina</strong></span> <span class='ocrx_word' id='word_1_419' title='bbox 611 3554 713 3601; x_wconf 85' lang='lat' dir='ltr'><strong>cecinit:</strong></span> <span class='ocrx_word' id='word_1_420' title='bbox 729 3553 857 3601; x_wconf 73' lang='lat' dir='ltr'><strong>interdixit</strong></span> <span class='ocrx_word' id='word_1_421' title='bbox 872 3553 990 3601; x_wconf 71' lang='lat' dir='ltr'><strong>dumetae:</strong></span> <span class='ocrx_word' id='word_1_422' title='bbox 1005 3551 1162 3615; x_wconf 76' lang='lat' dir='ltr'><strong>Aruepeeee-</strong></span> 
     </span>
     <span class='ocr_line' id='line_1_43' title="bbox 62 3615 1160 3682; baseline -0.005 -12"><span class='ocrx_word' id='word_1_423' title='bbox 62 3618 128 3670; x_wconf 84' lang='lat' dir='ltr'><strong>tur&#39;t:</strong></span> <span class='ocrx_word' id='word_1_424' title='bbox 144 3619 201 3670; x_wconf 77' lang='lat' dir='ltr'><strong>hac</strong></span> <span class='ocrx_word' id='word_1_425' title='bbox 213 3630 285 3669; x_wconf 87' lang='lat' dir='ltr'><strong>certe</strong></span> <span class='ocrx_word' id='word_1_426' title='bbox 296 3620 593 3682; x_wconf 56' lang='lat' dir='ltr'><strong>commotusutrumque</strong></span> <span class='ocrx_word' id='word_1_427' title='bbox 604 3617 729 3666; x_wconf 82' lang='lat' dir='ltr'><strong>adeonae</strong></span> <span class='ocrx_word' id='word_1_428' title='bbox 746 3624 857 3681; x_wconf 85' lang='lat' dir='ltr'><strong>possunt</strong></span> <span class='ocrx_word' id='word_1_429' title='bbox 865 3630 917 3666; x_wconf 89' lang='lat' dir='ltr'><strong>non</strong></span> <span class='ocrx_word' id='word_1_430' title='bbox 927 3629 1068 3666; x_wconf 84' lang='lat' dir='ltr'><strong>esse-rere.</strong></span> <span class='ocrx_word' id='word_1_431' title='bbox 1100 3615 1160 3666; x_wconf 78' lang='lat' dir='ltr'><strong>Jaru</strong></span> 
     </span>
    </p>
   </div>
   <div class='ocr_carea' id='block_1_6' title="bbox 556 3762 666 3814">
    <p class='ocr_par' dir='ltr' id='par_1_11' title="bbox 556 3762 666 3814">
     <span class='ocr_line' id='line_1_44' title="bbox 556 3762 666 3814; baseline -0.009 -1"><span class='ocrx_word' id='word_1_432' title='bbox 556 3762 666 3814; x_wconf 76' lang='lat' dir='ltr'><strong>noan</strong></span> 
     </span>
    </p>
   </div>
   <div class='ocr_carea' id='block_1_7' title="bbox 66 3871 1162 4249">
    <p class='ocr_par' dir='ltr' id='par_1_12' title="bbox 66 3871 1162 4249">
     <span class='ocr_line' id='line_1_45' title="bbox 99 3871 1160 3941; baseline -0.001 -15"><span class='ocrx_word' id='word_1_433' title='bbox 99 3875 244 3936; x_wconf 72' lang='lat' dir='ltr'><strong>adaugere</strong></span> <span class='ocrx_word' id='word_1_434' title='bbox 262 3890 305 3938; x_wconf 90' lang='lat' dir='ltr'><strong>per</strong></span> <span class='ocrx_word' id='word_1_435' title='bbox 325 3875 474 3941; x_wconf 76' lang='lat' dir='ltr'><strong>impluvium]</strong></span> <span class='ocrx_word' id='word_1_436' title='bbox 495 3877 593 3940; x_wconf 88' lang='lat' dir='ltr'><strong>Implu-</strong></span> <span class='ocrx_word' id='word_1_437' title='bbox 634 3892 688 3926; x_wconf 89' lang='lat' dir='ltr'><strong>sam</strong></span> <span class='ocrx_word' id='word_1_438' title='bbox 700 3874 838 3926; x_wconf 84' lang='lat' dir='ltr'><strong>notationis</strong></span> <span class='ocrx_word' id='word_1_439' title='bbox 850 3871 1160 3936; x_wconf 79' lang='lat' dir='ltr'><strong>sicrefert3implavium</strong></span> 
     </span>
     <span class='ocr_line' id='line_1_46' title="bbox 66 3949 1159 4018; baseline 0 -16"><span class='ocrx_word' id='word_1_440' title='bbox 66 3954 146 4015; x_wconf 83' lang='lat' dir='ltr'><strong>rium,</strong></span> <span class='ocrx_word' id='word_1_441' title='bbox 168 3951 257 4015; x_wconf 86' lang='lat' dir='ltr'><strong>inquit</strong></span> <span class='ocrx_word' id='word_1_442' title='bbox 275 3952 369 4013; x_wconf 84' lang='lat' dir='ltr'><strong>Varro,</strong></span> <span class='ocrx_word' id='word_1_443' title='bbox 392 3961 433 4003; x_wconf 88' lang='lat' dir='ltr'><strong>est</strong></span> <span class='ocrx_word' id='word_1_444' title='bbox 454 3954 594 4006; x_wconf 86' lang='lat' dir='ltr'><strong>locussub</strong></span> <span class='ocrx_word' id='word_1_445' title='bbox 634 3967 685 4018; x_wconf 91' lang='lat' dir='ltr'><strong>quo</strong></span> <span class='ocrx_word' id='word_1_446' title='bbox 701 3951 881 4017; x_wconf 87' lang='lat' dir='ltr'><strong>aquaimplalt</strong></span> <span class='ocrx_word' id='word_1_447' title='bbox 898 3951 1010 3999; x_wconf 86' lang='lat' dir='ltr'><strong>collecta</strong></span> <span class='ocrx_word' id='word_1_448' title='bbox 1027 3949 1061 3999; x_wconf 89' lang='lat' dir='ltr'><strong>de</strong></span> <span class='ocrx_word' id='word_1_449' title='bbox 1077 3955 1159 4013; x_wconf 79' lang='lat' dir='ltr'><strong>tecto.</strong></span> 
     </span>
     <span class='ocr_line' id='line_1_47' title="bbox 66 4024 1162 4098; baseline -0.002 -20"><span class='ocrx_word' id='word_1_450' title='bbox 66 4027 505 4092; x_wconf 77' lang='lat' dir='ltr'><strong>coelo,inmedioaediamrelictnsr</strong></span> <span class='ocrx_word' id='word_1_451' title='bbox 525 4031 593 4081; x_wconf 89' lang='lat' dir='ltr'><strong>unde</strong></span> <span class='ocrx_word' id='word_1_452' title='bbox 634 4030 676 4078; x_wconf 80' lang='lat' dir='ltr'><strong>Ex</strong></span> <span class='ocrx_word' id='word_1_453' title='bbox 686 4026 872 4091; x_wconf 87' lang='lat' dir='ltr'><strong>superstitione</strong></span> <span class='ocrx_word' id='word_1_454' title='bbox 882 4026 1008 4083; x_wconf 83' lang='lat' dir='ltr'><strong>Veterum</strong></span> <span class='ocrx_word' id='word_1_455' title='bbox 1027 4024 1162 4098; x_wconf 71' lang='lat' dir='ltr'><strong>haecdicit</strong></span> 
     </span>
     <span class='ocr_line' id='line_1_48' title="bbox 67 4095 1161 4175; baseline -0.003 -20"><span class='ocrx_word' id='word_1_456' title='bbox 67 4095 156 4175; x_wconf 68' lang='lat' dir='ltr'><strong>tamen</strong></span> <span class='ocrx_word' id='word_1_457' title='bbox 166 4105 285 4164; x_wconf 82' lang='lat' dir='ltr'><strong>deorsam</strong></span> <span class='ocrx_word' id='word_1_458' title='bbox 296 4113 440 4170; x_wconf 84' lang='lat' dir='ltr'><strong>caperent:</strong></span> <span class='ocrx_word' id='word_1_459' title='bbox 453 4106 489 4157; x_wconf 84' lang='lat' dir='ltr'><strong>ita</strong></span> <span class='ocrx_word' id='word_1_460' title='bbox 500 4106 596 4169; x_wconf 87' lang='lat' dir='ltr'><strong>dictus,</strong></span> <span class='ocrx_word' id='word_1_461' title='bbox 633 4103 771 4168; x_wconf 79' lang='lat' dir='ltr'><strong>Phormio:</strong></span> <span class='ocrx_word' id='word_1_462' title='bbox 788 4117 846 4154; x_wconf 83' lang='lat' dir='ltr'><strong>nam</strong></span> <span class='ocrx_word' id='word_1_463' title='bbox 858 4100 941 4159; x_wconf 84' lang='lat' dir='ltr'><strong>irisde</strong></span> <span class='ocrx_word' id='word_1_464' title='bbox 956 4101 1161 4168; x_wconf 78' lang='lat' dir='ltr'><strong>causisrraptiae,</strong></span> 
     </span>
     <span class='ocr_line' id='line_1_49' title="bbox 68 4177 1115 4249; baseline -0.008 -14"><span class='ocrx_word' id='word_1_465' title='bbox 68 4182 137 4248; x_wconf 84' lang='lat' dir='ltr'><strong>qaod</strong></span> <span class='ocrx_word' id='word_1_466' title='bbox 149 4198 180 4235; x_wconf 87' lang='lat' dir='ltr'><strong>eo</strong></span> <span class='ocrx_word' id='word_1_467' title='bbox 191 4183 341 4249; x_wconf 82' lang='lat' dir='ltr'><strong>implueret.</strong></span> <span class='ocrx_word' id='word_1_468' title='bbox 357 4183 450 4243; x_wconf 81' lang='lat' dir='ltr'><strong>Festus</strong></span> <span class='ocrx_word' id='word_1_469' title='bbox 461 4199 523 4236; x_wconf 81' lang='lat' dir='ltr'><strong>varo</strong></span> <span class='ocrx_word' id='word_1_470' title='bbox 535 4200 595 4236; x_wconf 85' lang='lat' dir='ltr'><strong>cau·</strong></span> <span class='ocrx_word' id='word_1_471' title='bbox 633 4195 666 4235; x_wconf 87' lang='lat' dir='ltr'><strong>ue</strong></span> <span class='ocrx_word' id='word_1_472' title='bbox 678 4179 858 4245; x_wconf 74' lang='lat' dir='ltr'><strong>deripuerant,</strong></span> <span class='ocrx_word' id='word_1_473' title='bbox 869 4177 1078 4243; x_wconf 78' lang='lat' dir='ltr'><strong>prohibebantur.</strong></span> <span class='ocrx_word' id='word_1_474' title='bbox 1112 4184 1115 4189; x_wconf 86' lang='grc'><strong>’</strong></span> 
     </span>
    </p>
   </div>
   <div class='ocr_carea' id='block_1_8' title="bbox 0 0 1354 4694">
    <p class='ocr_par' dir='ltr' id='par_1_13' title="bbox 0 0 1354 4694">
     <span class='ocr_line' id='line_1_50' title="bbox 0 0 1354 4694; baseline 0 0"><span class='ocrx_word' id='word_1_475' title='bbox 0 0 1354 4694; x_wconf 95' lang='lat' dir='ltr'><strong> </strong></span> 
     </span>
    </p>
   </div>
  </div>
 </body>
</html>
