2678 4694
176 317 259 382 '972
460 363 466 374 .
567 327 600 379 e,
622 322 802 373 rnunnrrr
827 321 914 373 urar

188 475 299 540 ΡΜ.
314 471 361 538 At
374 490 461 536 nuno
477 468 599 549 dicam,
612 468 701 553 quod
715 468 867 534 lubenter
881 463 1010 530 audias.
1040 464 1116 530 D'o.
1133 462 1284 548 Loquete,

326 574 439 639 audio.

189 677 299 742 Prin.
322 675 463 760 Nequeo
482 681 515 738 te
543 679 693 750 exorare,
716 678 754 735 ut
777 689 917 736 maneas
938 669 1086 735 triduum
1112 668 1205 733 boot
1226 682 1282 749 quo

326 796 415 841 nunc
431 776 531 840 abist
1021 759 1026 772 ’

197 879 267 945 Do.
291 877 453 954 Mirabar,
468 878 497 940 si
513 883 547 940 tu
562 876 644 940 mibi
660 876 841 960 quicquam
857 873 991 939 afferres
1005 873 1101 938 novi.
1266 869 1283 932 t

189 979 269 1046 ἈΝ.
293 980 381 1046 Hei!
404 985 514 1043 metuo
537 977 700 1057 lenonem,
724 977 860 1062 nequid
876 995 939 1040 suo
954 979 1032 1041 suat
1055 972 1186 1058 capiti!
1224 969 1283 1035 Gn.

328 1080 424 1145 Idem
438 1100 501 1160 ego
517 1085 640 1144 metuo.

198 1181 302 1246 Pon.
318 1183 397 1247 Non
412 1182 491 1247 mibi
507 1182 641 1247 oredisi
682 1185 750 1250 Do.
766 1182 955 1248 Hariolare.
990 1180 1100 1243 Pan.
1124 1175 1185 1240 Sin
1198 1173 1283 1241 fidem

191 1357 195 1363 ,
327 1283 383 1348 ro.
428 1285 497 1350 no.
521 1283 676 1351 nanurae!
1331 1268 1333 1352 ζ

190 1388 301 1452 Prin.
312 1387 526 1453 Foeneratum
540 1389 628 1453 istnc
644 1388 839 1453 beneficium
855 1385 916 1450 tibi
930 1381 1198 1468 pulchre-dieas.
1229 1377 1284 1441 Do.

328 1488 431 1572 Legi!
1223 1529 1225 1533 -

198 1587 304 1654 Pus.
328 1588 435 1654 Crede
448 1591 541 1669 mihi,
561 1589 724 1672 gaudebis
738 1588 846 1653 facto:
869 1583 983 1652 verum
1006 1588 1121 1652 hercle
1146 1584 1286 1649 boeest.

190 1682 194 1686 “
330 1692 398 1756 Do.
421 1693 577 1759 Somnia!

199 1865 345 1918 titanadire.
376 1872 431 1920 Pu.
447 1872 483 1920 At
494 1886 554 1920 uuae
563 1872 649 1931 disum,
656 1873 718 1933 quod
726 1872 771 1921 tibi
781 1871 1026 1931 audieatijutrrndrtat
1033 1869 1079 1919 sit.
1114 1872 1171 1920 Do.
1188 1869 1292 1930 homi,

198 1933 277 1982 audio.
309 1935 364 1983 Pu.
382 1937 422 1983 Aa
439 1950 485 1983 aon
500 1950 594 1998 postam
609 1935 718 1996 precibus
734 1952 749 1985 a
767 1941 790 1983 te
807 1936 942 1998 impetrare,
956 1941 982 1982 rit
994 1936 1160 1997 expectentes
1172 1939 1222 1982 tres
1236 1930 1290 1980 diost

104 1996 107 2001 '
200 1999 254 2046 De.
270 1997 363 2047 Mirum
372 2004 433 2059 erut,
444 2000 465 2046 ri
475 2004 502 2047 tu
512 1999 571 2048 mih
578 2000 700 2062 quiequam
710 1999 764 2048 noui
775 2000 887 2048 armenis
894 2013 1042 2062 proponeres.
1080 1999 1135 2048 An.
1155 1997 1216 2058 Hei,
1224 2006 1290 2045 omo

199 2063 390 2126 aeksaoiiquid
400 2065 456 2112 moti
471 2064 534 2112 ineu
552 2070 655 2112 uterum
666 2069 777 2113 arserant.
811 2064 1007 2124 Ge.1demego
1026 2063 1109 2112 timeo.
1145 2064 1202 2112 Pa.
1218 2059 1290 2117 Dura,

200 2143 231 2175 on
242 2142 289 2175 non
300 2128 357 2176 mitt
362 2128 438 2193 fldem
447 2129 531 2178 bobes.
568 2129 620 2178 Do.
638 2128 710 2178 Reate
725 2128 838 2189 conjectus
848 2143 885 2177 me
893 2129 983 2177 aeitieet
994 2127 1039 2175 tibi
1055 2131 1142 2178 eadem
1152 2127 1240 2176 centies
1248 2137 1291 2187 pta

199 2193 306 2240 mittenti
323 2193 475 2256 nequicquam
495 2196 597 2243 eredere.
630 2193 683 2242 Pu.
707 2192 753 2242 Sin
767 2192 844 2258 fidem
864 2192 961 2254 obliget
994 2193 1048 2240 Do.
1076 2193 1217 2241 Mendacio.
1248 2189 1291 2238 Pr.

201 2255 379 2318 Duplofoenore
389 2264 560 2320 compensatum
577 2258 642 2307 istud
657 2257 702 2305 tibi
713 2257 848 2323 beamfletam
859 2262 910 2305 tute
918 2255 1045 2317 fateberis:
1083 2258 1136 2306 Do.
1155 2252 1292 2304 Memmia

199 2321 250 2369 riae
271 2336 305 2370 re.
337 2322 392 2371 Pu.
412 2324 488 2372 Crede
507 2323 573 2379 mitri,
593 2322 711 2371 ioetoberis
725 2327 749 2372 te
763 2322 865 2381 seciae:
881 2335 925 2385 per
943 2323 1071 2383 aeranem,
1085 2332 1169 2371 earam
1184 2317 1291 2369 tibi'dico.

655 2463 837 2486 ”numen

202 2577 251 2626 qua
263 2576 320 2611 oum
332 2563 390 2612 edd.
402 2571 466 2613 vett.
482 2564 550 2613 Aodi
567 2565 624 2627 quid
642 2564 727 2614 diem
744 2566 822 2615 Bent.
857 2564 937 2613 itaet
955 2565 1083 2613 Peri-6
1101 2566 1189 2615 Metire
1199 2568 1295 2623 baem,

94 2642 96 2649 ·
199 2643 229 2676 rte
239 2628 295 2689 quid
305 2642 347 2676 suo
357 2633 411 2677 eunt
422 2629 504 2692 copiti.
522 2630 650 2679 Constans
657 2628 712 2677 fere
724 2630 858 2678 Librorum
869 2628 957 2691 lectio,
966 2629 1014 2677 sed
1027 2629 1101 2678 uude
1113 2631 1160 2679 vix
1172 2632 1294 2694 quicqum}

203 2693 459 2745 bonisensnseruas.
491 2695 554 2743 Mss.
568 2692 764 2743 Bodl.G.Wit.
781 2692 1026 2755 aeoliquidauosunt
1036 2694 1125 2756 sopiti.
1160 2697 1200 2744 M.
1213 2704 1239 2745 et
1249 2693 1293 2743 nr.

201 2772 231 2805 rte
241 2755 297 2818 qaid
304 2771 345 2806 tuo
356 2764 435 2806 meunt
445 2758 527 2819 ospiti.
560 2757 689 2821 Guyetns,
705 2758 765 2821 qnia
784 2759 846 2806 nibil
864 2757 1030 2820 expediebat,
1049 2773 1154 2807 versum
1175 2760 1241 2808 buno
1255 2772 1294 2806 non

200 2835 313 2879 versum,
328 2822 375 2870 sed
394 2830 537 2871 monstrum
553 2827 637 2882 vocat,
654 2822 686 2870 ab
703 2823 807 2872 indocto
818 2829 846 2870 et
857 2820 1007 2883 impudente
1017 2822 1217 2887 interpolatore
1227 2824 1294 2871 intro·

202 2898 265 2934 sum.
298 2886 346 2935 Est
366 2893 454 2935 antem
473 2887 665 2948 elegantissima
683 2887 771 2949 lectio,
788 2901 864 2950 quarn
876 2900 891 2934 e
901 2901 947 2934 suo
957 2887 1010 2935 Ma.
1022 2887 1134 2936 exbibet
1145 2889 1217 2937 Mur.
1231 2893 1294 2936 metuo

201 2951 314 3010 lenonem,
331 2965 360 2998 ee
370 2951 507 3013 quiritant:
523 2965 564 3000 sao
574 2949 666 3014 rapiti!
698 2952 773 3002 Quod
784 2959 870 3000 autem
883 2951 953 2999 Mur.
963 2952 990 2998 in
1003 2965 1050 2999 sno
1062 2953 1117 3002 Mo.
1129 2950 1293 3017 regiaeque

202 3018 269 3062 aaut:
285 3030 326 3062 saro
344 3014 437 3078 cupiti!
454 3016 522 3064 idem
542 3016 580 3064 ita
599 3014 681 3064 edidit
698 3014 840 3079 Grypbinr,
859 3015 955 3064 Venet.
976 3019 1051 3065 1580.
1073 3017 1155 3066 West.
1187 3018 1293 3074 Idemo

202 3083 287 3128 metue
315 3079 595 3141 Witlademetnoego.
628 3079 1079 3142 Fa.ecod.Bem.Idemegooereor
1096 3083 1197 3132 laudat.
1225 3077 1293 3128 Unde

202 3143 241 3195 ita
250 3143 276 3190 iu
289 3144 412 3205 plusculis
421 3144 509 3194 editis.
526 3145 601 3194 Idem.
637 3145 679 3205 Ei,
698 3150 775 3193 metuo
793 3146 904 3204 mosem,
919 3143 1125 3205 nequemaior
1136 3146 1219 3209 sopiti.
1239 3143 1293 3194 oe.

203 3206 270 3253 Idem
279 3221 322 3266 ego
332 3222 420 3256 uereor.
453 3209 497 3256 Sic
509 3224 526 3256 a
536 3208 637 3257 Fuitne
649 3216 705 3256 eat:
724 3210 769 3257 sed
781 3223 855 3271 paene
866 3216 937 3257 recta
949 3207 1083 3271 Gtryetrss,
1098 3210 1177 3260 ‘Hoc
1188 3223 1238 3258 non
1248 3222 1294 3258 rer·

202 3281 258 3315 sum
270 3283 338 3326 esse,
355 3272 400 3319 sed
417 3271 579 3320 monstrum)
611 3273 709 3320 Mureti
721 3273 803 3320 codex
816 3272 933 3321 variabat
950 3272 1082 3334 ordinem,
1100 3275 1191 3336 nequid
1203 3279 1294 3324 waso

194 3331 285 3394 eapite
320 3333 379 3382 Hoc
389 3335 499 3396 arripuit
510 3335 549 3382 vir
559 3334 755 3396 disertissimns;
773 3346 801 3385 et
820 3336 1013 3399 subdistinguit,
1025 3338 1116 3400 nequid
1126 3344 1195 3387 raet:
1212 3336 1295 3387 deinde

202 3394 292 3457 infert,
311 3411 353 3445 suo
368 3398 451 3459 copiti,
467 3399 515 3446 boe
527 3406 576 3461 est,
592 3399 660 3463 quod
672 3400 697 3448 in
712 3401 812 3450 lenonis
828 3401 910 3464 ipsius
921 3408 1003 3464 capnt
1014 3410 1116 3453 vertat.
1149 3400 1236 3465 Atque
1246 3402 1294 3450 beo

203 3462 386 3523 interpretatio
397 3464 516 3526 regnavit
526 3464 661 3524 baotenus,
673 3466 760 3514 multia
772 3473 857 3516 tamen
868 3465 1070 3528 exceptionibus
1080 3467 1201 3517 obnoxia.
1226 3464 1294 3514 Aliud

203 3527 291 3591 itaque
303 3528 454 3577 tentandum
464 3535 513 3578 est.
547 3529 570 3579 Α
583 3529 673 3578 codice
685 3538 774 3579 nostro
785 3535 843 3580 9⁰⁰.
855 3544 980 3579 annorum
992 3530 1093 3579 absunt
1104 3533 1156 3582 ista
1165 3546 1209 3593 ego
1219 3544 1293 3581 nerem

204 3592 255 3651 vet,
265 3601 293 3641 ut
303 3593 383 3642 oeteri
395 3593 498 3650 babent,
507 3608 550 3655 ego
560 3600 645 3646 metuo.
672 3594 790 3658 Repone,
800 3594 919 3654 Mirabar,
935 3594 958 3642 ei
968 3599 995 3643 tu
1003 3594 1198 3660 mittiquieqanrn
1205 3596 1294 3656 wenta

196 3657 265 3706 ‘nori
282 3658 342 3706 Aa.
357 3659 391 3706 Ei
402 3659 486 3708 Metuo
497 3661 609 3721 teronem,
618 3661 711 3721 nequid.
738 3659 788 3708 Gn.
801 3658 850 3708 Sao
859 3658 932 3722 cupiti
938 3658 1005 3719 faut.
1022 3659 1104 3722 ‘bei,'
1120 3661 1202 3719 ‘bni,'
1217 3655 1292 3710 ‘bem’

194 3719 364 3785 'frequentius
375 3723 401 3770 in
412 3722 463 3772 tine
476 3737 564 3772 versus
576 3730 715 3785 ponuntur.
733 3724 806 3773 Bert.
841 3723 883 3784 Ei,
901 3729 977 3772 metm
996 3724 1106 3773 mrtem
1122 3740 1154 3774 ire
1168 3726 1291 3788 aliquidue

203 3792 289 3835 uinta.
308 3787 354 3836 Br.
387 3787 447 3837 Siout
465 3803 508 3835 suo
523 3788 595 3849 cupiti
615 3788 684 3835 Perl.
717 3788 782 3837 Fuot
798 3788 952 3837 Palmarina.
986 3788 1047 3849 Hei,
1058 3789 1171 3838 kaoaem
1180 3798 1290 3844 serenant

204 3851 326 3911 quit...
359 3850 411 3902 Gn.
427 3849 639 3914 Srweapitifart!
656 3851 867 3915 Idemegoaereer
877 3852 955 3901 Both.
990 3851 1290 3916 NeutiqairiGneitt.³·

204 3918 251 3962 -7
262 3918 300 3964 Μ.
312 3916 342 3965 Si
345 3916 421 3981 fidem
431 3917 470 3964 do.
480 3915 560 3966 ι(ἒΜ.
573 3917 627 3966 sine
638 3917 800 3978 aspirationis
811 3925 881 3978 nota,
892 3917 1001 3976 etiaim,
1013 3923 1042 3965 et
1054 3919 1204 3983 subscript.
1214 3912 1289 3979 syttrb.

205 3976 250 4036 ris,
268 3987 297 4026 ut
312 3980 499 4031 eitheriotrrisl
517 3981 637 4031 Peri—8
654 3983 727 4029 Bona
749 3983 813 4031 Mas.
831 3981 1013 4044 petrapulcina
1031 3981 1089 4032 titi.
1107 3983 1194 4034 West.
1218 3981 1257 4030 Sir
1267 3983 1290 4024 et

205 4054 293 4089 omnes
304 4045 381 4094 codd.
398 4047 475 4096 Bent.
494 4059 552 4094 eum
571 4047 617 4095 Br.
630 4047 691 4109 Bip.
703 4047 780 4095 Both.
792 4047 913 4095 Perb-tt
931 4047 983 4096 Do.
1002 4044 1138 4097 mam.
1172 4046 1249 4110 Magis
1264 4053 1291 4090 αι

196 4118 277 4152 mora
297 4111 420 4158 sermonis
438 4118 478 4159 est
494 4109 610 4168 Somnior
627 4110 695 4173 qnod
715 4111 741 4159 iu
755 4110 820 4160 libro
832 4109 960 4159 Bembina
971 4117 1029 4159 est:
1040 4114 1201 4174 ›presertim
1212 4109 1291 4179 cumei

207 4168 296 4219 atisin
307 4172 400 4233 plurali
413 4175 604 4239 precesserint,
620 4173 748 4240 ‘tabutae,’
765 4175 834 4240 ‘logi
842 4173 860 4225 ε’
867 4174 989 4227 idam'at
1002 4176 1032 4227 ia
1043 4177 1089 4227 vi.
1097 4174 1187 4228 fmus
1198 4173 1289 4239 contet
