2678 4694
579 302 613 349 P.
635 298 821 349 Teutam
842 299 935 351 ml
987 312 992 323 ·

492 554 646 621 actus
670 554 739 620 111.
775 552 941 656 'SCENA
965 554 1034 620 111.
1124 596 1129 605 -

609 755 752 803 Demus.
774 755 911 803 staua.

212 875 281 940 Du.
303 873 498 938 Drseuttn!
545 872 786 955 Ctesiphonem
802 873 916 937 andivi
928 871 1035 936 filium

209 974 289 1040 Una
302 975 440 1038 affuisse
456 975 491 1037 in
506 974 658 1056 raptione
674 993 749 1037 cum
764 974 941 1039 AEscbino.

212 1076 253 1141 Id
266 1078 388 1142 misero
403 1081 506 1140 restat
519 1074 600 1138 mihi
611 1077 701 1152 mali,
715 1077 745 1139 si
760 1076 855 1140 illum
870 1080 993 1159 potest,

212 1176 282 1256 Qui
297 1178 399 1242 alicui
413 1177 461 1241 rei
476 1185 540 1254 est,
555 1178 656 1241 etiam
673 1197 749 1241 eum
765 1177 808 1241 ad
822 1177 1004 1260 nequitiam
1019 1174 1205 1263 abducere.

211 1277 281 1343 Ubi
295 1298 357 1362 ego
372 1278 466 1342 illum
481 1280 656 1361 quaeraml
679 1278 780 1343 credo
794 1278 978 1342 abductum
992 1278 1027 1341 in
1041 1286 1191 1359 ganeum
1276 1273 1291 1336 t

210 1379 356 1465 Aliquo:
378 1383 544 1465 persuasit
558 1381 616 1444 ille
632 1381 793 1463 impums,
809 1386 862 1444 sat
878 1380 961 1444 scio.

210 1480 280 1547 Sed
295 1503 409 1548 eccum
423 1483 543 1567 Symm
557 1483 603 1545 ire
618 1481 736 1546 video!
758 1481 834 1545 binc
849 1481 946 1545 scibo
957 1479 1043 1564 jam,
1057 1478 1119 1544 ubi
1134 1478 1217 1560 siet3

210 1581 322 1667 Atque
335 1584 443 1648 hercle
456 1584 511 1648 bic
526 1583 568 1647 de
581 1602 678 1666 grege
693 1582 753 1647 illo
768 1589 838 1646 est:
861 1583 891 1646 si
906 1598 960 1646 ma
975 1582 1120 1647 senserit

211 1682 298 1755 Eum
314 1686 498 1767 quaeritare,
513 1704 679 1768 nunquam
694 1683 785 1748 dicet
800 1683 973 1748 carnnfex.

211 1783 292 1849 Non
305 1786 477 1851 ostendam
493 1806 546 1850 me
560 1785 595 1851 id
610 1786 708 1850 velle.
751 1785 815 1850 Su.
838 1785 980 1849 Omnem
995 1802 1064 1847 rem
1078 1783 1184 1846 mcdc
1200 1783 1281 1860 sani,

243 1958 296 2007 Da.
316 1956 416 2013 Occidi;
432 1955 514 2004 audivi
527 1955 687 2017 Ctesiphonem
697 1956 805 2004 comitem
815 1955 894 2016 suisne
903 1956 1020 2016 AEsclini
1032 1970 1086 2003 cum
1096 1958 1201 2018 puellam
1217 1957 1296 2020 rapsit;

209 2023 235 2071 id
245 2022 304 2070 mibi
314 2020 402 2080 iqfeliei
412 2035 526 2068 summum
536 2021 621 2068 malum
632 2021 708 2068 adbuc
719 2021 832 2082 reliquum
848 2027 893 2080 est,
910 2021 932 2068 si
950 2020 1076 2068 AEsebinus
1088 2019 1297 2084 Cleripltcnem,qui

209 2086 283 2137 alicui
292 2085 329 2133 rei
340 2085 407 2134 utilis
417 2100 467 2134 esse
481 2089 566 2147 potest,
583 2085 613 2132 ad
624 2087 706 2134 buum
716 2091 740 2133 el
751 2085 871 2133 libidinem
882 2085 995 2147 impellat.
1032 2084 1139 2133 Ubinam
1148 2086 1228 2148 igitur
1241 2083 1299 2136 cim

1324 461 1337 505 ἰ

1323 547 1337 608 i

1323 647 1336 710 i

1323 748 1337 811 l

1324 850 1337 912 b

1324 952 1337 1014 b

1325 1055 1337 1118 q.

1325 1157 1337 1219 Ξ

1326 1258 1337 1320 Ι

1326 1360 1337 1422 !

1327 1460 1337 1523 Ι

1329 1717 1337 1829 5

207 2152 308 2214 pannem
327 2146 450 2212 maran?
466 2151 492 2196 ia
507 2148 614 2212 lupanar,
635 2154 663 2198 ut
684 2149 797 2211 suspicer,
815 2150 930 2211 quoddam
944 2147 973 2197 ab
992 2148 1106 2197 AEsclsirm
1127 2149 1243 2199 abdudus
1261 2153 1297 2198 sut:
1333 2183 1334 2192 .

207 2215 325 2279 persuasit
338 2213 479 2276 flagitiosus
496 2213 537 2262 ille
557 2206 704 2288 Ctesiphoni,
720 2213 792 2275 prule
810 2212 866 2272 scie,
888 2217 914 2261 ut
936 2227 1012 2261 secum
1032 2214 1090 2261 illuc
1111 2213 1168 2263 iret.
1203 2214 1250 2263 Sed
1262 2226 1298 2262 scs

210 2280 297 2342 Surum
313 2278 394 2326 venire
412 2279 489 2325 uideo:
500 2278 553 2337 jam
572 2292 603 2326 en
617 2279 658 2325 ille
678 2278 761 2337 sciam,
772 2276 855 2325 ubisit
867 2277 992 2340 crespio.-
1011 2282 1082 2339 utqus
1092 2278 1228 2327 mehercule
1237 2277 1301 2329 dsilt

209 2343 327 2392 bominum
336 2346 395 2388 cetu
406 2346 457 2389 est:
473 2341 494 2387 si
509 2341 700 2390 animaduerterit
711 2356 746 2389 me
756 2341 822 2389 illum
832 2341 917 2403 cupide
932 2355 1044 2404 quarere,
1057 2355 1183 2404 suaquusu
1192 2344 1262 2397 dicul.
1269 2340 1300 2395 ut

210 2406 327 2468 sitganec
341 2405 397 2453 ille:
414 2404 562 2453 dissimulabo
578 2419 615 2454 me
628 2405 653 2454 id
664 2419 754 2468 cupere.
786 2405 833 2453 Su.
852 2405 990 2468 Resgcsm
1000 2405 1030 2453 ub
1042 2406 1161 2455 AEuclim
1172 2406 1298 2457 Mitississ

664 2547 848 2568 mum

241 2650 258 2696 2
274 2645 305 2695 In
317 2644 373 2694 aliis
383 2651 423 2694 est
434 2644 539 2710 affuisse,
556 2645 582 2695 in
592 2646 647 2696 aliis
658 2647 746 2708 saissa
778 2647 828 2697 Sed
839 2647 937 2710 affuisse
948 2646 1029 2695 vincit
1038 2660 1149 2697 numero
1162 2648 1230 2700 Mus.
1245 2646 1297 2697 unda

208 2713 288 2761 etiam
309 2711 442 2772 prelatum
463 2725 478 2759 a
496 2711 610 2760 Murelo.
644 2711 731 2775 Atque
750 2711 888 2760 ediderunt
906 2711 943 2761 ita
960 2711 1060 2773 luntre,
1081 2710 1180 2774 Aldus,
1201 2710 1298 2773 Fabrici,

210 2783 268 2838 post
285 2772 341 2823 EA.
363 2774 418 2822 ΕΤ.
439 2775 509 2823 alias.
544 2775 637 2838 Neque
658 2777 735 2824 aliter
754 2776 854 2825 Nonius
872 2775 1013 2824 Marcellus
1031 2775 1107 2825 citat.
1129 2775 1211 2828 Wesl.
1241 2776 1298 2826 Bam.

203 2839 291 2900 fliam.
326 2839 377 2888 Sed
398 2840 479 2888 nostri
499 2853 587 2888 omnes
605 2839 711 2904 affuisse.
745 2840 802 2889 Nec
823 2840 1007 2903 spernendum.
1030 2839 1106 2888 Bent.
1148 2840 1236 2890 Fuieu
1251 2840 1297 2900 uu.

209 2904 354 2968 verpa-u
372 2903 403 2951 In
414 2903 457 2952 Tr.
469 2904 505 2951 M.
517 2903 609 2952 Boecd.
627 2905 734 2968 aliisque
753 2905 880 2952 nonnullis
892 2911 941 2964 est,
961 2903 1061 2965 alicujus
1070 2903 1125 2952 rei:
1142 2905 1297 2968 quomcdust

210 2967 266 3016 EA.
284 2969 339 3016 ET.
356 2967 412 3016 ΕΡ.
431 2968 488 3016 EV.
506 2972 529 3015 1.
540 2972 565 3016 2.
591 2967 655 3031 Arg.
667 2977 694 3017 et
705 2967 859 3031 quibusdam
871 2968 926 3016 aliis
938 2967 1039 3029 legitur.
1065 2967 1135 3031 Eug.
1152 2965 1299 3032 alicuiuuupn'

209 3031 312 3081 uidetur
330 3031 433 3092 legisse.
466 3032 613 3095 Utrumque
634 3047 785 3094 perperam:
804 3031 870 3080 dixit
888 3038 973 3080 autem
991 3031 1064 3080 alicui
1077 3031 1125 3080 rei.
1160 3034 1210 3082 Er(
1217 3030 1299 3082 Donati

208 3095 296 3143 verbis
306 3109 355 3142 non
369 3094 430 3143 licet
443 3095 580 3156 dispicere,
590 3096 696 3159 adaque,
708 3111 739 3144 an
751 3096 823 3144 alicui
835 3096 935 3158 legerit.
952 3095 1027 3146 Wesl.
1056 3093 1140 3144 Etiam
1149 3106 1214 3147 eum.
1236 3103 1300 3149 mnu·

207 3155 311 3219 ullusne
321 3172 381 3206 eam.
416 3158 484 3205 Vide
500 3173 577 3222 supra
594 3173 638 3208 ιιι.
658 3164 683 3208 2.
705 3165 744 3210 ll.
764 3175 909 3224 quanquam
921 3159 995 3208 abest
1006 3175 1020 3208 a
1032 3159 1192 3222 quibusdum
1207 3162 1299 3212 bisse!

207 3222 339 3284 impressis
347 3221 389 3333 [in
402 3220 521 3270 Addend.
541 3228 613 3272 notat
631 3223 665 3272 G.
683 3231 712 3272 et
731 3223 807 3286 EM.]
824 3225 863 3273 'ln
874 3225 929 3272 aliis
942 3231 982 3272 est
993 3225 1105 3273 etiamad
1116 3226 1249 3288 nequitiam
1258 3238 1300 3275 esst
1335 3236 1337 3249 ¹

208 3286 330 3334 emacem.
363 3285 430 3333 dem.
461 3285 592 3335 diducere.
618 3286 733 3337 Praestat
754 3290 808 3336 brec
826 3289 906 3337 lectio
924 3301 977 3350 pra
997 3288 1042 3335 illa
1058 3287 1299 3352 quorundumccdl.

207 3351 327 3398 adducere.
344 3348 427 3398 Idem.
454 3351 495 3399 Ad
505 3351 633 3412 nequitiam
643 3353 764 3400 adducere.
790 3353 864 3402 Bern.
876 3354 907 3400 ad
917 3352 1052 3414 nequitiem,
1064 3351 1133 3416 qnod
1146 3355 1232 3417 magis
1242 3354 1301 3418 sapit

209 3414 399 3478 antiquitatem.
412 3413 459 3462 Fa.
487 3414 577 3463 Nostri
590 3429 676 3463 omnes
687 3417 825 3479 nequitiam.
835 3418 913 3465 Bent.
938 3415 1004 3465 GM.
1015 3415 1134 3476 alicujus.-
1146 3431 1207 3480 sup.
1219 3421 1298 3487 script.

208 3479 329 3528 utilitatis.
356 3478 431 3527 Lind.
451 3479 548 3527 omittit
566 3494 626 3542 eum,
645 3481 712 3542 quad
734 3480 795 3529 Par.
808 3487 929 3529 narrante
941 3479 1065 3528 abundat.
1081 3481 1151 3531 Perl.
1170 3483 1300 3547 quidutut

129 3547 132 3554 '
208 3545 286 3593 Bent.
301 3543 471 3606 adaequiliem
480 3544 600 3592 adducere.
633 3543 742 3593 Bothius
754 3545 817 3606 legit
831 3546 862 3600 Q.
873 3560 896 3594 a.
914 3559 940 3592 re
956 3549 1001 3604 est,
1012 3544 1085 3592 etiam
1097 3545 1304 3611 assumendum.

207 3611 267 3658 fiam
277 3609 399 3657 adducere.
433 3608 477 3655 Br.
493 3610 523 3657 ad
534 3608 662 3670 nequitiam
673 3624 724 3656 eum
734 3611 856 3659 adducere.
885 3609 970 3658 Notat
981 3609 1068 3657 Bruns
1084 3612 1092 3636 ⁴
1105 3609 1150 3659 ed.
1162 3612 1249 3661 omitt
1258 3623 1299 3663 a·

207 3670 371 3722 rectissima’
397 3670 505 3732 Alicujus
514 3673 549 3720 rei
560 3674 592 3720 R.
603 3675 638 3722 D.
661 3675 724 3721 Enim
733 3673 809 3722 abest
820 3673 851 3722 Z.
875 3675 914 3721 Ad
924 3672 1052 3734 nequitiem
1063 3673 1184 3724 adducere
1194 3675 1255 3741 Bip.
1268 3673 1299 3724 sl

206 3737 333 3801 nequitiem
345 3735 440 3798 Delpb.
467 3738 537 3786 Nunc
547 3751 594 3798 pro
605 3752 656 3786 eum
667 3735 755 3786 Guelt'.
768 3741 841 3787 lae-5
860 3737 924 3786 Mss.
935 3737 1038 3799 quidam
1051 3745 1077 3784 et
1088 3736 1214 3800 lmpressi
1232 3741 1298 3802 aliqu

206 3801 233 3850 in
241 3816 350 3862 geneum.
367 3802 500 3850 west—6
517 3801 580 3850 Mas.
592 3809 620 3849 et
632 3801 694 3850 editi
707 3802 808 3866 quidam
821 3807 923 3849 veteres
935 3802 1025 3863 legunt
1039 3802 1162 3863 parueris
1182 3805 1299 3853 AEsattru·

207 3864 247 3913 ille
257 3866 289 3916 im
321 3880 375 3914 rus:
388 3864 456 3929 quod
469 3878 500 3926 ex
512 3866 595 3926 glossa
607 3866 709 3914 uidetur
720 3866 863 3928 irrepsisse.
877 3865 951 3914 Idem.
979 3865 1109 3913 AEsclrinus
1122 3874 1184 3929 post
1192 3865 1298 3930 perussit

208 3928 276 3979 Guel
290 3932 296 3978 .‘
309 3934 382 3978 2.-t
398 3928 430 3978 'rb
442 3929 495 3990 jam
515 3929 589 3978 abest
608 3944 624 3978 a
640 3930 791 3993 quibusdam
808 3929 940 3978 libris—8
956 3928 978 3977 C
995 3930 1039 3978 At.
1057 3930 1138 3979 Both.
1156 3931 1194 3980 At
1228 3931 1297 3978 '-lt

209 3991 308 4041 Omnem
318 4009 377 4043 rens.
409 3994 441 4042 In
454 3993 605 4056 quibusdam
618 3995 695 4044 codd.
707 3996 731 4043 b.
742 3995 759 4044 l.
771 3993 871 4042 initium
886 3993 976 4045 Scenae
988 4006 1028 4041 ιν.
1044 3995 1181 4054 statuitur,
1212 3995 1241 4043 In
1253 3993 1296 4043 Ad·

208 4054 285 4104 dead.
299 4064 422 4106 memorat
434 4057 468 4107 G.
480 4059 532 4108 ET.
545 4066 571 4108 et
583 4060 656 4122 Em]
671 4058 793 4107 laudante
805 4058 919 4107 Mureto.
944 4056 1027 4106 Malui
1037 4064 1124 4106 autem
1137 4059 1296 4120 plurimorum

208 4126 236 4168 et
256 4119 351 4170 Donati
369 4123 549 4173 arrctoritatem
567 4124 648 4189 sequi.
670 4124 742 4173 West.
775 4128 868 4172 omnes
886 4123 904 4172 Ι.
922 4136 943 4171 s.
963 4121 989 4170 id
1006 4133 1043 4171 me
1059 4123 1127 4173 uelle.
1146 4123 1193 4173 Fe.
1226 4123 1295 4173 Sicut
