2678 4694
383 315 619 365 unouurours
644 318 725 367 ror.
748 318 782 367 v.
807 318 859 367 sc.
885 316 969 368 vrrr.
1133 306 1219 370 1039

121 458 300 550 Ausculta·
345 455 465 523 Gunn.
488 455 788 542 Pergin'crederet
835 461 936 525 Nun.
960 460 1055 541 Quid
1072 481 1145 545 ego,
1161 465 1219 528 ob·

254 578 360 638 secro,

124 660 220 725 Huic
237 659 381 737 credam,
397 660 454 743 qui
470 659 552 724 nihil
567 659 681 724 dixitl
725 662 845 726 Peon.
869 665 1000 729 Delirat
1014 668 1113 729 miser

122 757 270 825 Timore.
316 761 418 826 Neu,
441 761 521 826 Non
536 762 595 844 pol
611 767 731 825 temere
746 761 799 840 ’st,
815 765 906 846 quod
922 773 957 828 tu
969 772 1037 829 tum
1052 762 1158 833 times
1192 824 1195 828 .

125 859 246 926 Onus.
278 861 352 943 Ego
382 863 511 928 timeol
566 863 688 927 Pnou.
710 861 819 929 Recte
847 882 946 930 sane:
980 866 1113 950 quando
1138 865 1221 931 nihil
1264 896 1267 906 v

255 961 364 1038 times,
1176 969 1219 1032 10

125 1062 170 1127 Et
184 1062 250 1127 hoc
261 1061 346 1126 nihil
362 1066 426 1140 ost,
441 1063 532 1146 quod
546 1083 609 1147 ego
624 1064 710 1142 dico,
724 1071 758 1130 tu
772 1086 880 1132 narra.
925 1068 995 1131 Du.
1017 1068 1157 1133 Scelus!

124 1162 205 1227 Tibi
219 1165 352 1228 naneti
397 1165 518 1229 Prion.
542 1165 615 1230 Eho
631 1168 688 1232 tn!
713 1167 838 1232 factum
855 1168 897 1232 'st
913 1170 976 1232 ahs
990 1176 1025 1233 ie
1040 1169 1157 1234 sedulo

124 1262 192 1328 Pro
205 1263 313 1330 fratre.
347 1262 448 1330 Nun.
465 1265 517 1331 Mi
528 1266 592 1343 uir,
606 1286 670 1331 non
683 1267 765 1332 mihi
779 1272 917 1334 nonest
951 1269 1072 1336 (inus.
1086 1269 1220 1335 At-

256 1365 358 1431 Nuu,
374 1353 562 1446 'Quid'att
983 1446 985 1450 y

124 1465 244 1531 Cunn.
266 1466 348 1530 Non
362 1485 449 1550 opus
461 1467 624 1532 estdicto.
668 1467 790 1534 Pnou.
804 1469 883 1535 Tibi
899 1470 1058 1554 quidem:
1082 1478 1118 1536 at
1134 1473 1221 1538 scito

253 1568 330 1632 huic
346 1587 432 1650 opus
447 1577 511 1633 est.

124 1666 165 1730 In
181 1666 322 1732 Lemno.
379 1667 499 1734 Cuuu.
523 1668 636 1733 Hem!
659 1668 740 1752 quid
766 1670 843 1734 uisi
902 1672 971 1736 Dr.
998 1672 1077 1736 Non
1102 1674 1222 1737 tacesi
1324 1720 1328 1727 -

257 1769 379 1833 Priore.
402 1767 498 1832 Clam
514 1776 559 1834 te.
603 1769 726 1834 cnon.
750 1770 819 1835 Hei
835 1772 937 1838 mihil
1178 1773 1224 1838 15

121 1868 246 1933 Prion.
259 1867 410 1932 Uxorem
425 1869 533 1934 duxit.
577 1871 678 1937 Nun.
692 1871 743 1935 Mi
758 1874 869 1949 homo,
890 1873 933 1938 Di
948 1874 1069 1939 melius
1085 1873 1202 1938 duint!

123 1971 248 2034 Pnon.
270 1968 330 2034 Sic
354 1969 479 2039 facturn
496 1979 558 2038 est.
603 1971 704 2038 Nuu.
727 1973 819 2038 Perii
842 1973 989 2039 misera!
1032 1973 1156 2038 Priore.
1179 1973 1225 2040 Et

256 2070 334 2134 indo
347 2070 452 2134 filiam

123 2172 283 2253 Suscepit
291 2171 365 2254 jum
379 2189 492 2250 unam,
507 2171 585 2234 dum
599 2178 637 2234 tu
648 2170 788 2236 d‘ormis.
833 2170 953 2237 Cunn-
969 2170 1060 2251 Quid
1073 2173 1224 2255 agimusl

120 2357 211 2401 attente
230 2367 266 2402 me
280 2353 344 2403 cudi.
377 2353 431 2404 Cn.
452 2353 604 2415 Pereutiuue,
619 2368 690 2415 uxor,
711 2353 754 2401 isti
770 2355 881 2403 crederer
926 2353 981 2403 Nu.
1007 2352 1072 2408 Quid
1088 2367 1140 2414 ege,
1161 2355 1226 2415 cedo,

120 2415 176 2463 huic
186 2418 288 2480 credam,
299 2418 339 2479 qui
350 2419 453 2466 noudum
462 2419 536 2466 ulium
545 2418 642 2466 nerium
652 2419 759 2479 loquutus
769 2423 821 2467 esi?
854 2419 911 2466 Pu,
931 2419 1012 2467 Mente
1023 2423 1089 2466 errut
1098 2422 1120 2466 et
1133 2416 1225 2466 iusuuit

117 2475 170 2539 prce
192 2485 262 2528 metu.
306 2480 359 2530 ΝΔ.
375 2482 426 2529 Per
443 2482 564 2530 Pollucem
579 2497 626 2530 uon
646 2481 697 2530 uiue
713 2497 783 2530 cuusu
799 2486 835 2529 est
857 2483 917 2543 quod
936 2487 1027 2530 tautum
1043 2481 1137 2530 metuis.
1172 2482 1226 2530 Cu.

119 2543 203 2602 Egone
217 2549 311 2593 metuo?
344 2545 398 2593 Pu.
415 2545 491 2593 Recte
510 2559 583 2594 sune:
600 2546 692 2606 quaudo
708 2559 765 2604 ergo
782 2545 844 2592 uilrii
860 2544 953 2602 metiris,
968 2546 1074 2606 nihilque
1090 2559 1140 2593 esse
1155 2543 1225 2605 dicis,

118 2608 180 2666 quod
191 2613 293 2656 eructuem
304 2607 396 2668 deleas,
412 2623 464 2670 quoe
481 2623 524 2669 ego
539 2609 576 2656 illi
587 2624 642 2656 mox
653 2609 758 2657 dicturus
769 2624 830 2669 eum,
842 2614 869 2656 tu
879 2609 977 2670 ipsemet
987 2609 1024 2655 illi
1033 2623 1134 2657 recense.
1170 2608 1224 2657 Du.

118 2669 230 2731 Sceleste,
250 2685 282 2719 eu·
302 2676 344 2719 tuu
363 2672 482 2720 voluntate
498 2672 538 2720 ille
556 2676 693 2720 recensent?
725 2672 780 2721 Pu.
801 2673 853 2719 Eho
877 2677 912 2732 tu,
934 2673 1030 2731 egregie
1049 2678 1073 2722 et
1089 2677 1185 2720 strenue
1201 2677 1225 2720 te

116 2735 215 2793 gessisti
224 2735 250 2783 iu
260 2734 400 2792 diffundendo
405 2736 496 2795 fratre,
508 2736 563 2783 dum
574 2734 730 2797 mecffmdis.
767 2735 820 2783 Nu.
838 2735 878 2783 Mi
894 2735 941 2794 uir,
958 2735 1039 2795 ecquid
1055 2734 1114 2782 milri
1130 2734 1225 2796 recitas,

196 2797 305 2846 utram
339 2799 391 2847 Cu.
409 2799 452 2847 Ar.
485 2799 539 2850 Nu.
558 2798 632 2854 Quid,
648 2803 691 2846 ut?
727 2798 780 2847 Cu.
799 2797 857 2850 Nm
868 2813 925 2857 opus
936 2803 971 2847 est
982 2798 1024 2848 luc
1035 2800 1134 2857 referre
1168 2798 1225 2850 Pu.

141 2860 175 2907 ihi
186 2862 279 2925 quidem
290 2876 335 2910 uon
343 2867 445 2924 operest
456 2865 483 2908 ut
494 2861 631 2920 reseratum
655 2863 697 2911 sed
707 2875 764 2922 opus
775 2866 811 2909 est
822 2867 849 2908 ut
860 2860 901 2909 illu
912 2863 1005 2913 resciat.
1035 2863 1063 2910 lu
1073 2863 1161 2911 Lemno
1172 2877 1225 2912 eum

118 2928 190 2971 esset.
218 2924 490 2987 cunimundum
519 2925 570 2973 ΒΕ.
587 2925 783 2976 Arrmutuceri
810 2926 866 2973 Pu.
886 2925 918 2972 Te
928 2924 1013 2985 ignaru
1025 2931 1049 2973 et
1061 2926 1143 2974 imciu.
1170 2926 1224 2974 Cn.

118 2985 173 3035 Hei
184 2985 261 3036 milui!
293 2989 349 3037 Pru.
371 2989 475 3036 Uxorem
484 2988 563 3035 duxit.
598 2987 652 3038 Nu·
669 2988 709 3036 Mi
718 2988 795 3046 immo,
806 3003 852 3036 uon
870 2989 907 3037 itu
923 2994 968 3048 est,
980 2993 1006 3037 ut
1016 2989 1067 3039 uit:
1085 2989 1132 3038 Dii
1143 2989 1226 3037 melius

118 3050 261 3100 essemiiut.
295 3053 350 3100 Pu.
367 3051 410 3100 Sic
422 3052 571 3108 factumest.
604 3052 661 3101 Nu·
677 3052 747 3104 Perii
757 3052 851 3100 misem.
884 3052 941 3099 Pu.
958 3053 991 3100 Et
1003 3066 1034 3100 ex
1045 3067 1071 3101 en
1081 3055 1165 3114 genuit
1171 3053 1225 3111 jum

119 3113 350 3181 uuumjllium,'dum
360 3119 388 3163 iu
397 3129 479 3169 secure
488 3129 521 3178 ec,
531 3120 556 3165 et
567 3116 617 3166 colu
627 3115 724 3167 dumis.
762 3115 815 3165 Cu.
832 3115 890 3164 Heu
900 3115 957 3179 quid
967 3120 1056 3177 agero?
1090 3117 1114 3166 N
1116 3130 1143 3167 u.
1161 3116 1226 3165 Proh

581 3256 759 3280 ΜΝ

121 3354 280 3406 Latine.'·-l
297 3355 329 3404 In
341 3359 415 3404 textu
430 3353 547 3415 Pergiu’t
564 3357 652 3406 Credes
662 3357 694 3417 ei,
707 3363 734 3406 ut
744 3356 770 3404 in
782 3355 850 3405 notis
858 3356 894 3405 sic
902 3356 980 3406 Both.
997 3357 1005 3385 ‘
1017 3359 1050 3405 V.
1063 3358 1125 3408 sutis
1136 3355 1226 3421 inepte

122 3418 225 3480 Pergin*
237 3419 347 3468 crederet
362 3424 369 3446 ‘
382 3418 489 3477 Pergin'
501 3419 650 3468 Phormioni
662 3420 766 3477 dicitnr,
783 3423 790 3447 ‘
804 3421 947 3469 Crederes'
964 3421 1137 3470 Mulieri.'—9
1155 3422 1226 3470 Perl.

123 3485 160 3534 Tu
170 3484 295 3542 luem-ll
313 3483 392 3530 Beni.
409 3483 463 3542 Ego
474 3483 543 3544 quud,
554 3490 582 3530 et
594 3483 630 3530 sic
643 3484 720 3531 Both.
737 3497 808 3530 uarro
820 3497 867 3545 pro
879 3484 931 3530 dico
940 3483 1029 3532 Guelf.
1041 3487 1131 3531 u—lu
1150 3481 1225 3531 Bern.

124 3548 228 3596 ouem
245 3545 292 3595 Fa.
322 3546 411 3595 Nostri
432 3547 600 3601 omnesEho5
617 3546 684 3607 qnod
705 3547 802 3608 placet.
834 3546 1225 3611 SieenimpussimEhmEho·

121 3614 187 3660 dum.
211 3611 353 3660 Bent-li
379 3611 452 3661 Beni.
474 3625 521 3658 uon
539 3609 598 3658 milri
616 3609 683 3658 dieis.
707 3610 752 3656 Fa.
786 3608 879 3657 Nostri
897 3623 984 3657 omnes
1005 3624 1098 3659 namus.
1132 3609 1226 3658 Placet

102 3675 193 3734 uicis,
203 3674 264 3736 qnia
281 3673 397 3736 sequitur
409 3674 490 3722 Dicto.
506 3673 585 3722 Bent.
604 3682 633 3722 et
650 3673 686 3721 sic
701 3674 760 3734 Bip.
776 3672 852 3721 Both.
863 3672 998 3721 Peri—15
1018 3671 1101 3721 eodd.
1122 3673 1226 3736 quidum

122 3740 192 3788 Mss.
210 3744 238 3786 et
249 3737 378 3800 impressi,
391 3738 457 3791 Quid
474 3735 629 3798 agnionae
650 3736 745 3798 saepius
764 3735 834 3784 inter
852 3749 880 3783 se
896 3742 1078 3796 permutentur
1097 3735 1123 3783 in
1142 3736 1225 3784 codd.

124 3801 267 3850 veteribus.
286 3801 365 3850 Weet.
384 3801 449 3854 Quid
462 3804 516 3862 oms
533 3802 609 3849 Beni.
626 3815 658 3848 ex
675 3800 756 3848 tribus
774 3799 842 3848 suis:
859 3799 914 3860 agiu
931 3800 1009 3849 Both.
1029 3797 1102 3848 Perl.
1114 3799 1225 3855 lte-15

122 3865 232 3927 Suscepit
244 3864 315 3913 etium
322 3864 382 3914 huuc
393 3865 469 3913 Both.
481 3878 532 3930 quo
538 3864 628 3927 judice
639 3865 704 3925 ‘jem
715 3864 810 3913 nullum
821 3865 871 3912 vim
882 3862 978 3912 hebet!
1010 3864 1080 3913 ‘Ciu
1098 3862 1162 3918 Quid
1173 3866 1225 3926 ugi-

621 4011 728 4063 NouAE

240 4115 269 4161 11
287 4109 380 4175 Scelus]
394 4111 426 4160 Id
439 4116 490 4174 est,
500 4112 636 4162 scelestus.
739 4110 770 4157 lc
788 4105 880 4169 Duiut]
896 4104 928 4156 Id
940 4109 989 4169 est,
1000 4102 1073 4158 dent.
