2678 4694
198 271 265 335 542
619 282 872 331 ARGUMENTA.

319 424 471 504 Antiphila
484 422 662 502 Clitiphonis
675 421 817 502 reperitur
836 441 929 483 soror.

319 522 407 582 Hauc
422 521 529 594 Clinia,
543 518 654 581 aliam⁶
668 519 799 599 Clitipho
814 538 936 580 uxorem
949 519 1080 601 aecipit.⁷

198 685 234 733 tio
251 684 386 760 Syrireroi.
421 684 546 759 Antipdiio
555 682 671 759 reperitur
686 698 751 760 soror
768 683 920 761 Giitipdrnis,
936 687 960 732 et
1005 684 1010 695 '
1038 682 1183 735 Chremetis.
1217 683 1288 733 Clinia

198 750 258 798 duno
267 753 441 798 dunttuxvrem
447 765 457 808 ,·
470 747 573 810 Cistrpdo
582 751 655 797 atron
665 753 762 812 wetpd,
772 751 872 798 demtus
881 749 948 798 Boot
1003 783 1011 798 .

657 886 836 912 ‘tremene‘

198 992 289 1053 tergnir
306 991 359 1040 siri.
383 990 526 1041 Brane-d
541 990 618 1054 vulg.
637 989 718 1054 odium,
735 990 819 1040 miuus
839 989 913 1042 bene.
939 989 1013 1039 Botis.
1032 988 1077 1055 qui
1092 989 1158 1054 legit
1175 988 1291 1040 idmst-t

204 1057 307 1104 Uxorem
317 1056 381 1104 ducit
393 1055 471 1103 Bent-

267 1418 325 1478 JO.
348 1416 602 1479 CALPHURNII
623 1416 856 1477 BRIXIENSIS
878 1417 966 1477 VlRI
988 1417 1229 1478 CLARISSIMI
1329 1438 1331 1493 ;

524 1572 564 1620 ΙΝ
590 1573 621 1619 Ρ.
645 1572 760 1621 sum
785 1571 969 1620 Tuussuurl

365 1703 822 1756 HEAUTONTIMORUMENON
838 1701 1133 1756 PROLEGOMENA.

200 1854 268 1903 Huc
279 1852 386 1916 Fabula,
405 1850 544 1901 Menandri
560 1851 672 1901 Graecae
689 1865 747 1916 qna
763 1848 835 1899 facta
846 1865 862 1900 s
872 1849 997 1898 Terentio
1008 1848 1113 1911 Latius,
1125 1863 1221 1899 nomen
1233 1849 1293 1899 iden

232 1935 391 1995 observavit,
401 1947 434 1983 ne
445 1931 533 1982 Graeci
543 1932 651 1982 nominis
663 1931 814 1995 euphoniam
825 1929 966 1994 perderet:
989 1928 1056 1993 quod
1067 1928 1209 1979 Terentius
1221 1931 1294 1979 minus
1329 1966 1331 1979 .

232 2017 319 2065 laudis
334 2015 498 2065 existimaret
515 2013 622 2078 propria
632 2014 756 2070 scribere,
767 2027 844 2077 quam
856 2011 951 2062 Graeco
962 2008 1116 2060 transferre.
1145 2011 1294 2060 Nomentu-

231 2096 303 2147 beta
315 2110 375 2145 sene
387 2094 498 2157 seipsum
511 2093 680 2143 excruciante
691 2093 724 2142 ob
736 2091 783 2142 utu
795 2091 956 2141 absentiam:
980 2105 1056 2156 quem
1069 2098 1212 2152 amantem,
1231 2092 1293 2141 duri·

231 2177 269 2225 tia
280 2192 326 2225 sua
342 2176 368 2225 in
384 2175 503 2224 militiam
520 2173 650 2239 proficisci
661 2174 839 2238 compuleratz
857 2171 941 2222 ἑαυτὸν
954 2169 1133 2236 τιμωρούμενος,
1145 2173 1250 2235 Latine,
1261 2187 1295 2221 se·

231 2257 314 2317 ipsum
331 2254 483 2304 excrucians
502 2253 700 2317 iuterpretatur.
733 2253 803 2302 Illud
822 2251 1090 2312 animadvertendum,
1106 2266 1197 2302 omues
1209 2254 1294 2302 Teren·

232 2335 316 2383 tianae
329 2334 429 2383 fabulas
440 2348 471 2382 ex
483 2340 593 2398 utroque
604 2347 698 2395 genere
710 2333 808 2394 mistae,
821 2341 918 2396 praeter
928 2333 1003 2381 hauc.
1030 2333 1099 2380 Nam
1111 2333 1248 2383 comoediae
1257 2340 1295 2382 aut

231 2415 348 2462 motoria
361 2420 429 2473 sunt,
442 2420 487 2462 ant
499 2411 625 2474 stataria,
644 2417 689 2461 aut
705 2413 799 2460 mistae.
834 2412 966 2474 Motoriae,
987 2412 1158 2463 turbulentae:
1175 2415 1295 2474 statario,

233 2495 391 2558 quietiores:
408 2493 500 2555 mistae,
511 2508 543 2542 ex
555 2502 666 2558 utroque
678 2499 740 2546 actu
751 2493 932 2544 consistentes.
965 2493 997 2542 Iu
1013 2495 1073 2554 hac,
1092 2509 1151 2558 quae
1164 2495 1295 2558 plurimum

232 2576 349 2624 deiectat
372 2581 400 2624 et
420 2581 480 2624 notu
499 2580 526 2624 et
545 2575 623 2638 stylo,
651 2574 741 2638 primm
766 2581 856 2638 partes
879 2581 938 2623 stunt
959 2574 1109 2625 Menedemi
1132 2582 1160 2624 et
1179 2576 1295 2625 Chreme·

217 2657 283 2730 ‘²³⁸²
302 2656 422 2705 seottndae
433 2655 525 2705 Cliniae
535 2661 563 2706 et
571 2655 743 2719 Clitiphonis:
761 2656 848 2706 tertiae
866 2656 942 2720 Syri:
965 2664 993 2706 et
1014 2654 1051 2704 sio
1072 2654 1209 2719 deinceps.
1239 2656 1296 2705 Haeo

179 2745 184 2759 ¹
232 2738 321 2799 etiarn,
332 2744 362 2788 ut
374 2745 477 2800 cetera,
489 2739 602 2803 quinque
613 2745 688 2788 actus
699 2738 790 2800 habet,
802 2736 943 2799 Prologum
956 2736 1123 2787 concitatum.
1157 2737 1226 2786 Narn
1238 2745 1295 2785 etse

233 2826 339 2884 purgat,
357 2825 385 2869 et
402 2819 429 2870 iu
449 2819 574 2870 laedendis
592 2820 744 2870 adversariis
761 2826 802 2868 est
813 2823 965 2880 occupatus.
998 2815 1187 2879 Argumentum
1200 2829 1295 2881 qnoque

231 2914 283 2949 uon
296 2900 420 2964 simplicis
431 2900 529 2962 negotii
539 2900 626 2962 habet,
634 2913 683 2948 uec
695 2899 769 2947 unius
781 2897 1036 2958 adolescentis,utin
1046 2896 1168 2960 Hecyra:
1185 2898 1234 2947 sed
1242 2898 1296 2946 duo·

233 2995 299 3042 runt,
309 2981 374 3030 utin
385 2979 503 3029 fabulis*

233 3123 248 3151 *
265 3123 316 3171 Me.
327 3127 355 3170 at
366 3121 429 3170 editi
443 3127 507 3170 vett.
519 3123 732 3185 praeterLiud.nt
772 3124 876 3175 videtur
886 3123 974 3174 lectio.
996 3124 1073 3174 West.

202 3201 227 3248 in
238 3199 322 3247 ceteris
335 3196 437 3256 subulis.
471 3198 537 3250 Qttee
554 3200 658 3249 omnino
670 3215 732 3250 vera

601 3403 896 3437 ...ιιι-Ἥ

515 3578 786 3627 ARGUMENTUM
814 3579 999 3628 EJUSDEM.

205 3709 340 3760 Curemus
353 3709 467 3775 gravidae
478 3712 551 3760 uxori
560 3712 619 3762 oiim
630 3714 817 3773 interminatus,
827 3715 847 3763 si
859 3716 971 3778 puellam
979 3721 1095 3779 pareret,
1103 3714 1173 3764 nolle
1184 3713 1250 3762 tutti.
1269 3709 1300 3759 At

236 3788 279 3838 ilia
287 3793 353 3840 elam
362 3791 569 3842 anuiCorintirim
582 3795 745 3845 nutriendam
754 3796 836 3845 dedit.
855 3796 932 3846 Hanc
941 3797 1055 3845 adultam
1065 3796 1159 3856 Clinia,
1169 3796 1251 3844 iuvito
1259 3808 1300 3856 pu-

237 3873 290 3931 tre‚·
308 3886 392 3921 amare
412 3872 508 3937 roepit;
523 3873 597 3936 cujus
615 3874 711 3925 duritia
723 3882 749 3925 et
769 3874 878 3924 assiduis
889 3875 986 3938 jurgiis
997 3876 1023 3924 iu
1037 3874 1154 3924 militiam
1173 3871 1300 3937 proficisci

239 3951 384 4011 compulsus
395 3959 443 4004 est.
476 3954 573 4003 Postea
582 3953 645 4004 facti
657 3962 759 4018 patrem
767 3953 951 4004 Menedemum
964 3955 1028 4005 adeo
1039 3955 1170 4018 poenituit,
1179 3963 1208 4004 ut
1219 3953 1300 4004 omnis

239 4026 374 4092 venderet,
384 4037 411 4081 et
422 4048 509 4096 agrurn
522 4043 630 4098 emeret,
639 4037 663 4084 in
677 4051 759 4100 eoque
771 4051 798 4083 se
811 4043 947 4086 exerceret
959 4053 965 4085 ε
989 4037 1066 4087 uteie
1078 4036 1125 4084 filii
1138 4037 1257 4100 iujuriam
1269 4034 1302 4082 ui·

240 4107 390 4171 disceretur.
421 4113 503 4164 Paulo
523 4123 582 4180 post
600 4118 739 4167 revertitur
754 4116 849 4179 Clinia,
865 4124 893 4167 et
911 4118 977 4167 elam
990 4124 1066 4182 patre
1079 4118 1225 4167 devertitur
1237 4113 1302 4180 apud
