2678 4694
37 322 44 333 ’
114 298 179 364 710
487 317 518 363 e.
540 314 724 362 rnanurrr
748 314 837 362 urar

116 455 230 540 Atque
242 455 321 521 huic
336 455 425 520 malo
442 455 586 520 salntem
602 463 769 539 quaerant,
792 457 911 521 auxilii
926 456 1008 522 nihil
1023 455 1175 535 afferant,

115 557 217 638 Quod
232 557 394 639 mihique,
418 556 585 640 heraeque,
611 557 761 640 filiaeque
787 557 882 622 herili
903 562 965 622 est.
1008 558 1076 624 Vae
1092 560 1212 623 misero

243 657 345 721 mihi!
857 660 863 669 ⁴
1196 674 1199 679 ·

114 760 182 826 Tot
196 779 248 823 res
262 766 395 842 repente
408 761 673 837 circumvallant,
688 759 775 823 unde
790 761 914 842 emergi
928 780 995 825 non
1010 767 1145 844 potest;

115 861 192 939 Vis,
207 868 349 944 egestas,
366 861 544 945 injustitia,
561 861 720 937 solitudo,
734 858 880 925 infamia.
1192 861 1212 925 5

119 961 274 1027 Haecine
297 963 459 1028 saeclum!
483 964 664 1028 osecleral
687 982 841 1046 ogenera
864 962 1049 1046 sacrilega!
1072 982 1096 1027 o
1111 962 1212 1028 homi·

245 1066 516 1149 nem'impumml
1127 1084 1129 1088 ’

118 1164 179 1233 Sc.
203 1165 262 1231 Me
276 1167 452 1230 miseram!
475 1168 634 1249 quidnam
649 1173 712 1244 est,
726 1167 815 1251 qnod
831 1164 882 1241 sie
899 1166 1000 1233 video
1013 1166 1167 1231 timidum
1181 1168 1211 1227 et

245 1276 479 1353 properantem
494 1269 638 1334 Getaml

118 1370 187 1437 Gs.
210 1368 322 1449 Quem
336 1388 446 1452 neque
468 1368 566 1447 fides,
591 1388 701 1453 neque
721 1367 964 1454 jusjurandum,
988 1388 1099 1451 neque
1124 1369 1212 1433 illurn

249 1471 479 1537 misericordia

119 1572 309 1657 Repressit,
340 1590 450 1655 neque
480 1571 631 1651 reflexim
668 1591 777 1656 neque
804 1572 892 1653 qnod
924 1577 1041 1654 partus
1072 1573 1213 1637 instabat

244 1692 364 1757 prope,

117 1866 195 1931 hant,
203 1874 273 1934 atque
281 1870 336 1919 huic
346 1870 417 1930 ateio,
426 1870 487 1932 quod
497 1867 609 1931 mihique,
617 1870 761 1934 dominoque
767 1885 824 1920 mee
832 1870 1074 1935 Sommtoe,fllioeqtre
1084 1869 1135 1930 ejus
1145 1870 1214 1918 Pmo-

115 1934 189 1996 pltiioe
202 1935 297 1993 fuctum
315 1940 359 1992 cst,
384 1933 472 1983 medem
488 1939 606 1994 conentur,
623 1935 683 1983 nihil
698 1937 822 1997 quicquum
838 1937 932 1996 jurent.
981 1935 1022 1983 Vm
1040 1934 1125 1982 mismo
1143 1932 1216 1982 milli!

117 2002 151 2045 tot
163 1999 312 2063 dmicttltates
321 1999 442 2060 inminuto
453 1997 612 2057 circumstant,
622 2012 653 2046 ex
660 2000 743 2061 quibus
750 2001 817 2048 evodi
828 2015 875 2047 oon
887 2003 981 2062 potest:
997 1998 1035 2046 oie
1045 1998 1133 2061 nupti,
1141 1996 1216 2059 inopie

118 2060 193 2123 ipsius
210 2065 302 2126 puellm,
314 2063 432 2122 iniustitia
443 2077 500 2123 erga
511 2063 616 2122 miseros,
630 2065 731 2111 solitudo
747 2062 942 2122 adulatoribus,
955 2062 1057 2120 Mustio
1075 2065 1105 2110 cb
1124 2064 1165 2121 iis,
1179 2061 1217 2123 qui

117 2128 215 2175 credunt
226 2128 336 2176 ω’ίίαωηι
343 2129 429 2191 pretio.
462 2125 929 2189 Hoecnctemporuudeoeorruptosuuti
964 2123 1219 2186 Ocrimiuet'ttfosdu!

117 2197 236 2251 ogmtem
257 2191 415 2252 sacrilegum!
430 2191 571 2240 ubomisem
589 2191 696 2252 impium.
718 2190 876 2240 AEscttiuum!
912 2192 957 2239 So.
975 2192 1018 2240 Me
1030 2189 1218 2250 informantem!

117 2256 230 2316 quidnam
249 2262 294 2316 est,
327 2258 371 2303 trud
390 2257 424 2304 sie
441 2259 507 2303 eirico
522 2255 840 2317 pauidum‚ctsestiuuutem
852 2251 959 2303 Getam?
991 2255 1044 2304 Gn.
1063 2256 1217 2316 Quemseqsc

111 2317 178 2381 fidet
188 2321 255 2380 dcto,
266 2325 290 2368 et
330 2319 558 2381 ligetiojummmti,
571 2333 643 2383 neque
654 2320 702 2367 allo
712 2319 882 2369 commiseratio
893 2319 1000 2382 restruit,
1011 2334 1085 2382 aeque
1103 2318 1216 2369 revomuit

572 2477 586 2498 Ι
591 2476 755 2499 ‘neuneu

129 2623 137 2638 Ἀ
150 2615 162 2659 l
181 2610 287 2660 Mallem
299 2624 356 2658 curn
369 2608 439 2673 Guy.
459 2608 531 2658 Nunc
541 2609 600 2659 iilud
615 2613 660 2669 est,
673 2623 724 2658 cum
734 2609 765 2658 si.
798 2610 824 2659 Si
843 2609 909 2658 enim
922 2610 982 2672 quod
997 2609 1112 2672 silegas,
1124 2610 1216 2674 simpli·

117 2674 184 2724 citer
195 2690 243 2738 pro
255 2676 293 2723 ‘si
304 2673 311 2693 '
323 2675 474 2722 sumendum
486 2674 550 2723 erit:
570 2676 671 2738 quando
690 2688 780 2723 sensus
799 2681 827 2722 et
839 2675 998 2723 constructio
1011 2689 1101 2735 parum
1120 2676 1217 2724 consta·

117 2737 191 2788 bunt.
224 2738 382 2787 Mesena.
407 2739 478 2786 Ntmc
494 2737 557 2787 istud
571 2743 614 2786 est.
631 2739 713 2787 West.
747 2739 777 2787 Si
795 2737 885 2800 omues]
901 2739 965 2786 Mes.
985 2738 1125 2786 Leidenses
1147 2741 1217 2802 qnin-

117 2817 177 2867 que,
187 2805 230 2852 l'r.
242 2803 333 2851 Boend.
345 2802 402 2852 cod.
415 2803 484 2865 bips.
495 2803 528 2851 G.
541 2803 620 2850 omniu
633 2816 718 2850 manea.
751 2801 794 2850 Ita
811 2809 837 2850 et
850 2817 936 2850 ornnes
953 2802 1078 2863 Boecleri,
1096 2818 1153 2850 cnm
1165 2804 1217 2851 etli-

116 2867 228 2917 tt'ouibus
241 2866 394 2931 quibusdam
410 2867 597 2927 vetustissimis,
608 2867 632 2914 in
644 2867 736 2930 quibus
752 2874 811 2914 sunt
827 2865 879 2915 EA.
893 2866 944 2914 ΕΤ.
962 2875 989 2914 et
1002 2866 1064 2914 EM.
1099 2867 1151 2914 Sed
1163 2867 1214 2916 edi·

116 2931 200 2980 tiones
220 2931 368 2990 Juntarum,
389 2930 460 2990 Aldi,
476 2931 508 2980 R.
527 2931 663 2993 Stephani,
682 2929 783 2986 Faiirni,
803 2930 914 2992 Heinsii,
934 2931 1050 2991 aliorum,
1070 2931 1163 2992 legunt
1181 2931 1216 2979 uti

116 2996 194 3046 edidi.
212 2996 288 3043 Idem.
321 2996 393 3044 Nunc
410 2995 522 3054 illudat,
531 2998 592 3057 quod
602 2995 622 3041 si
632 3008 708 3043 omues
718 2994 807 3056 omnio]
823 2994 951 3042 Mirorsic
963 2994 1067 3043 dedisse
1084 2995 1225 3054 liternum,

115 3071 174 3170 gum
187 3059 303 3123 plerique
315 3059 417 3106 codices
429 3067 457 3107 et
469 3058 527 3108 edd.
539 3066 602 3108 vett.
611 3058 732 3119 habeant,
745 3059 880 3106 Nuacillttd
890 3061 1000 3119 est,quod
1010 3059 1033 3106 si
1043 3058 1121 3107 omnio
1132 3074 1217 3108 omne.

145 3124 187 3172 ide
198 3121 267 3170 iufra
278 3135 304 3168 v.
319 3125 343 3170 9.
354 3126 395 3170 21.
429 3123 534 3173 Quanto
548 3123 595 3171 hoc
607 3123 737 3170 venustius
753 3129 804 3183 est,
816 3131 842 3170 et
860 3123 1031 3171 collocatione
1043 3127 1071 3169 et
1088 3125 1217 3172 nrrmerisl

117 3186 192 3239 Bcut.
221 3186 255 3233 Ν.
266 3186 284 3233 i.
296 3191 340 3243 est,
359 3187 454 3245 cum,si
470 3185 548 3235 omnio
563 3201 641 3234 omues
659 3187 736 3235 Both.
767 3186 854 3235 Omnia
872 3201 948 3234 omues
966 3187 1084 3249 Buliip.
1098 3188 1216 3236 Peri-2

118 3251 184 3298 Post
195 3253 303 3311 quoram
314 3249 351 3297 M.
366 3249 439 3297 addit
450 3250 524 3300 uobis.
550 3250 862 3314 succenturiatorum.
886 3250 1100 3300 AuriliuilPerl.
1132 3253 1219 3300 Ferant

117 3326 165 3377 pro
177 3312 282 3376 offertut
293 3311 381 3362 Guelf.
393 3317 466 3362 3.-3
484 3315 615 3376 Expougit
625 3314 691 3362 bunc
703 3329 804 3363 versum
818 3315 905 3377 probae
918 3315 1065 3363 Latinitatis
1077 3323 1105 3363 et
1117 3316 1218 3364 artificii

118 3378 244 3441 Grtyetus,
265 3377 310 3426 sed
332 3374 406 3426 πάθος
427 3378 553 3427 currentis
575 3379 760 3442 clementisque
782 3379 858 3428 Getae
882 3379 958 3426 valde
981 3380 1118 3428 imminuit.
1142 3380 1217 3429 Weat.

117 3437 183 3492 Mitt
195 3442 289 3490 omisso
300 3457 344 3504 que
361 3441 531 3492 diretta—c
548 3442 678 3506 Impurum.
703 3443 745 3491 Ita
762 3443 787 3490 in
808 3443 934 3506 plerisque
946 3444 1010 3491 Mss.
1026 3453 1052 3490 et
1068 3444 1156 3493 editis.
1187 3445 1217 3493 lu

118 3506 269 3572 quibusdam
282 3515 323 3554 est
333 3507 446 3568 impium:
461 3507 504 3571 [lu
518 3507 635 3554 Addend.
648 3516 773 3556 memorat
784 3509 816 3557 G.
828 3515 856 3556 et
868 3507 943 3569 ΕΜ]
961 3509 1091 3570 quomodo
1103 3509 1217 3557 edidide·

116 3580 177 3621 ruut
189 3572 263 3622 Junt.
280 3569 371 3629 Aldus,
385 3572 517 3632 Heinsius,
533 3572 585 3621 alii.
605 3572 682 3621 Wcrt.
716 3572 809 3620 Hocine
825 3575 943 3620 secutum.
960 3573 1035 3619 Bem.
1053 3573 1096 3621 Vi.
1110 3580 1137 3622 et
1155 3573 1214 3621 Bas.

114 3639 228 3686 motum.-
245 3645 355 3699 utroque
367 3635 442 3683 modo
454 3644 506 3685 stat
519 3637 671 3685 trochaicus.
690 3636 734 3684 Fu.
768 3637 856 3684 Nostri
869 3637 972 3685 codices
990 3637 1117 3686 seculum:
1134 3651 1216 3701 neque

117 3701 193 3750 aliter
210 3707 261 3748 stat
280 3715 376 3748 versus.
396 3701 468 3748 Beni.
501 3700 629 3748 Hominem
647 3701 745 3763 impium
762 3701 805 3747 Br.
825 3701 902 3749 Beut.
922 3701 998 3747 Both.
1017 3701 1048 3748 Z.
1070 3702 1142 3749 Perl.
1160 3702 1217 3764 Bip.

117 3765 213 3827 Delph.
248 3766 365 3813 Soeculum
384 3764 414 3812 Ζ.
437 3765 581 3827 helpo-8
597 3765 647 3814 Do.
666 3770 764 3823 monet,
780 3765 846 3812 illum
864 3765 1004 3812 abundare.
1034 3766 1099 3813 Mss.
1116 3767 1180 3814 Par.
1196 3769 1217 3813 8.

116 3830 175 3877 sliu.
209 3829 283 3877 Quod
301 3843 371 3892 vero,
383 3835 411 3877 ut
427 3831 528 3891 opinor,
541 3828 663 3877 tribuitur
679 3828 841 3890 magistellis,
857 3830 899 3892 qui
919 3843 967 3875 nou
989 3836 1114 3890 saperent
1127 3843 1216 3878 venus·

117 3897 172 3940 tam
196 3895 362 3955 pronominis,
382 3893 457 3953 idum,
476 3892 668 3942 abundantiam.
693 3893 756 3941 Peri.
785 3893 862 3955 Vuig.
886 3894 952 3941 illum
969 3893 1067 3954 legitur
1088 3908 1137 3956 pro
1160 3892 1215 3951 slls',

117 3956 215 4004 Mureti
227 3957 348 4016 lectione,
361 3972 435 4020 quarn
452 3957 557 4005 exhibet
576 3957 636 4005 Hel.
648 3957 723 4005 Botlt.
758 3955 823 4003 liliu’
843 3957 1003 4005 misericor-din
1019 3957 1080 4020 Bip.
1114 3959 1215 4020 ‘Neque

115 4019 183 4068 illum
199 4019 244 4081 m]
261 4020 312 4067 Pro
331 4036 363 4069 eo
383 4022 447 4071 Mes.
468 4020 582 4085 quidam,
604 4021 638 4071 N.
649 4023 698 4069 tillo
716 4021 886 4068 misericordia.
920 4020 1006 4083 Atque
1027 4023 1065 4069 ita
1086 4022 1216 4070 recensuit

115 4083 249 4138 Heinsius.
276 4083 329 4132 Sed
340 4099 424 4149 neque
436 4087 591 4135 anctoritate
603 4085 762 4149 quorundam
775 4084 954 4147 impressorum
968 4093 1049 4132 caret.
1072 4086 1214 4148 Eleganter

117 4153 204 4197 tutem
222 4144 333 4212 sapiam
351 4147 380 4196 τὸ
393 4149 400 4175 ⁸
411 4149 472 4198 ille'
490 4157 550 4213 post
570 4149 717 4210 relativum,
736 4150 776 4199 vel
795 4161 888 4198 nomen
910 4149 1051 4213 preprium.
1073 4149 1215 4200 trem-lo
