2678 4694
310 316 626 373 naaorournuoe.
643 317 727 369 sor.
743 307 794 368 ra:
818 319 870 367 so.
885 320 910 366 1.
1098 303 1169 370 611⁴

53 459 99 527 si
113 456 265 542 puellam
279 472 442 538 parerem,
456 456 545 521 nolle
559 455 657 520 tollii
702 453 769 522 Ga.
793 455 873 520 Scio
890 454 973 540 quid
988 453 1128 521 seceris:

52 559 251 625 Sustulisti.
294 558 360 624 Sa.
387 558 425 622 Si
451 559 502 623 sic
525 559 653 624 sactum
683 563 747 636 eet,
778 555 926 636 domina,
955 575 1036 640 ergo
1064 557 1164 624 heros

191 658 531 727 damnoauctnsest.
1121 661 1167 726 lo

58 765 122 830 So.
146 763 306 827 Minime:
329 763 392 828 sed
407 769 479 830 erat
499 764 555 830 hic
579 762 754 831 Corinthia
778 779 875 842 anun
897 761 990 827 haud
1012 762 1164 848 impura:

191 867 224 930 ei
239 866 318 931 dedi

55 1001 119 1051 atti
136 1002 241 1051 menime
257 1000 374 1050 miracuta
389 1014 450 1063 esce,
467 998 489 1048 si
503 1013 612 1064 parerem
622 997 733 1062 maltam,
750 997 847 1046 andsto
858 996 1009 1048 mrirstort
1042 997 1094 1049 Cn.
1111 996 1166 1059 Scia

57 1067 115 1131 quid
125 1066 233 1126 secema,-
248 1066 353 1115 educam
368 1081 429 1114 com.
460 1065 506 1114 So.
523 1065 565 1115 Ita
578 1065 672 1125 factem
691 1067 726 1112 est
733 1078 743 1122 ,¹
762 1061 866 1112 edacaai.
898 1062 946 1112 Sa.
966 1064 989 1111 0
999 1062 1096 1124 terami
1108 1064 1168 1113 cdo·

60 1131 123 1180 casti
130 1132 239 1192 pucilam,
249 1130 319 1179 term
329 1144 360 1179 ec
371 1132 413 1179 tac
420 1130 531 1179 damnum
540 1129 653 1192 percepit.
672 1126 718 1176 So.
737 1126 849 1186 Minime,
865 1126 906 1176 red
916 1127 996 1176 aetola
1006 1142 1037 1177 co
1048 1127 1163 1176 Curiatio

61 1212 109 1246 aon
128 1196 252 1247 micum
267 1209 310 1244 acc
328 1194 446 1261 impudica
464 1194 503 1242 tic
521 1193 645 1243 habitabat
655 1207 666 1251 ,⁴
681 1190 773 1241 tradidi
784 1190 807 1240 ei
816 1190 899 1256 Jits'asn
908 1205 984 1242 mmai
994 1194 1168 1256 apostocam.

518 1328 702 1351 omnm!

59 1432 216 1495 ejectum,
232 1437 301 1481 etex
320 1431 406 1493 dicere
423 1429 491 1497 qnod
510 1437 539 1481 et
557 1431 622 1491 uun.
640 1430 729 1490 habet.
745 1431 817 1482 facto
836 1429 942 1482 adnm:
957 1430 1110 1483 Meministin
1127 1447 1166 1483 rsa
1198 1433 1201 1439 '

56 1497 186 1559 paridam
203 1500 228 1546 et
247 1497 306 1545 miii
323 1502 347 1546 ts
365 1511 475 1546 meana
493 1511 562 1559 opera
580 1497 678 1546 adicus.
711 1496 904 1556 interminatam,
921 1495 990 1561 qnod
1006 1497 1066 1546 iibri
1084 1495 1167 1547 nostri

58 1561 167 1622 habent,
183 1575 216 1609 eu
226 1561 442 1625 interpretatione
451 1560 541 1612 venit!
553 1562 627 1610 Boot.
649 1563 656 1590 ‘
667 1562 744 1625 ang.
756 1576 793 1610 arc
801 1575 851 1611 asse
860 1575 887 1623 g.
897 1575 919 1611 e.
927 1576 959 1610 aa.
970 1565 990 1611 t.
1001 1576 1067 1611 max.
1076 1561 1167 1614 dom.

59 1625 139 1675 Bent.
151 1635 189 1674 sae
196 1639 266 1686 gran
326 1625 431 1675 edicere:
443 1633 469 1674 et
480 1626 570 1674 edicere
578 1622 682 1689 quidem
694 1626 790 1689 iegitur
801 1627 828 1674 in
837 1625 912 1675 Bem.
925 1632 953 1675 et
963 1623 1006 1675 vi.
1018 1623 1065 1675 scd
1074 1625 1167 1686 ceteri,

58 1696 190 1755 quotquot
200 1691 377 1750 innotuerunt,
392 1689 469 1739 codd.
479 1690 558 1739 etiani
568 1691 749 1739 Beroiinenses
761 1705 848 1738 omnes
857 1697 885 1740 et
897 1690 958 1740 Hel.
968 1703 1034 1740 mcx.
1042 1705 1079 1753 cp.
1092 1691 1167 1740 inter·

57 1756 185 1814 naama,
201 1753 271 1817 quod
283 1754 495 1866 comprecemur,
512 1769 563 1802 non
576 1754 668 1803 video:
685 1764 769 1815 certe,
786 1769 845 1804 cum
866 1754 943 1804 modo
962 1753 1111 1804 ‘edictum'
1123 1756 1167 1806 ba·

58 1819 202 1873 boetianas,
217 1816 309 1882 putide
319 1819 345 1866 in
360 1824 432 1866 estur
442 1818 542 1878 edicam
558 1825 586 1867 et
598 1819 732 1881 aptissime
744 1824 883 1882 nanrpatnr
899 1818 1045 1868 trochaicus
1056 1818 1147 1882 plenos
1159 1835 1168 1870 r

58 1898 107 1934 arae
118 1881 308 1943 cruciaverant,
324 1883 392 1947 qood
405 1883 470 1932 vidit
481 1882 566 1932 Bent'
583 1883 657 1933 Batti.
669 1884 713 1947 qni
724 1884 785 1934 inde
797 1885 862 1947 legit
873 1883 1072 1934 Measiaistia'm.
1081 1899 1111 1946 g.
1123 1919 1131 1934 .
1142 1919 1148 1934 .
1159 1914 1167 1932 .

58 1947 273 2009 oecumenici.
305 1947 377 1996 Peri.
388 1946 546 1997 Mecaiaistirr’
555 1963 586 1996 m.
597 1963 623 2008 g.
657 1949 703 1997 Br.
724 1949 763 1997 M.
781 1964 814 1996 m.
833 1963 882 1997 esse
894 1964 922 2009 g.
936 1983 957 1998 ..
968 1982 974 1997 .
986 1963 1051 1999 max.
1069 1964 1082 1996 o
1102 1949 1167 1998 ⁸s'ut.

59 2013 122 2074 Bip.
135 2010 172 2060 M.
183 2025 253 2073 Μ.
264 2046 271 2060 .
282 2045 288 2058 .
299 2045 305 2060 .
317 2027 383 2060 mac.
393 2027 429 2074 ap.
440 2011 526 2060 dicerc.
549 2011 646 2074 Delplr.
665 2026 730 2061 amn.
748 2028 785 2075 op.
803 2014 954 2061 dicare-lt
972 2011 1002 2061 nt
1020 2012 1057 2060 sic
1070 1965 1167 2071 fictam

58 2082 103 2134 est,
119 2076 225 2135 domino,
239 2078 559 2137 ergoderuadamnccuctus
569 2081 615 2126 ert.
647 2077 728 2125 Varie
740 2076 794 2124 haec
806 2077 934 2138 leguntur.
967 2075 1167 2140 Inquibnsdasn

58 2141 134 2189 libris
146 2145 198 2200 est,
211 2140 257 2188 So.
277 2141 316 2188 Ita
328 2140 423 2200 factem
433 2145 477 2188 est.
510 2142 557 2189 Sur.
575 2140 662 2189 Sicest
673 2140 768 2199 factam
779 2142 891 2189 murina?
923 2140 966 2188 lta
986 2140 1037 2190 Ms.
1055 2141 1098 2189 Tr.
1133 2140 1167 2190 Io

58 2206 115 2253 aiiis
126 2220 141 2252 :¹
151 2205 200 2254 Sa.
212 2204 255 2253 Sic
265 2203 415 2264 estfactum:
431 2205 526 2253 damian
536 2218 602 2266 crgo,
613 2205 684 2253 barac
694 2207 778 2253 damac
788 2209 931 2253 auctorest:
942 2217 1017 2266 quarn
1026 2203 1168 2254 lectionem

59 2277 151 2319 tuetur
161 2267 305 2318 Acidaiius.
337 2269 370 2318 In
382 2269 446 2318 edit.
456 2268 700 2328 Arnstelodamensi,
718 2268 778 2317 anni
790 2273 863 2318 loto.
876 2281 909 2316 ex
920 2268 1073 2318 recensione
1085 2269 1168 2318 Heia·

59 2335 179 2448 batt
192 2327 917 2462 ‘reeta‘&intercurrentium
930 2333 1099 2448 ‘iiiito
1113 2334 1166 2449 u·

58 2463 91 2512 In
103 2463 163 2512 aliis
175 2461 263 2523 aliter,
279 2471 309 2512 nt
328 2477 415 2512 seram
435 2463 575 2512 lectionem
594 2464 638 2512 via
657 2470 785 2526 expetes:
802 2469 844 2513 est
863 2470 951 2512 autem
971 2461 997 2511 in
1014 2464 1111 2520 verbis,
1128 2463 1168 2512 nti

60 2528 143 2591 edidi,
157 2541 192 2576 ex
202 2527 326 2590 plusculis
336 2528 401 2576 Mra.
421 2534 450 2576 et
467 2528 654 2591 antiquissimis
675 2527 816 2591 impressis,
831 2528 935 2592 elegans
945 2525 1070 2591 ὀξύμυρον.
1090 2529 1168 2581 Waat.

59 2593 136 2642 nam.
156 2598 216 2654 post
236 2591 368 2654 Sastaticti,
384 2592 423 2641 ita
443 2592 647 2642 notatas-habat
667 2605 806 2655 personas:
824 2592 870 2644 So.
886 2593 922 2641 cic
940 2597 976 2641 eat
986 2592 1088 2651 factam
1116 2594 1166 2643 sa.

59 2657 156 2706 &mina
167 2670 225 2718 ergo
235 2657 306 2705 teras
316 2659 401 2705 &saro
418 2662 502 2706 nactam
517 2661 569 2705 est:
586 2656 633 2705 sed
651 2655 707 2706 hec
727 2656 805 2706 lectio
825 2670 876 2704 uon
894 2657 998 2706 videtur
1015 2656 1172 2722 procedere,

60 2736 119 2772 eam
132 2719 201 2771 infra
211 2721 330 2770 Sostrata
340 2721 421 2780 dieat,
431 2722 440 2750 ⁴
449 2719 571 2770 minime!
603 2718 702 2769 Omnes
710 2721 753 2770 atii
765 2720 834 2781 libri,
850 2727 877 2768 et
889 2721 987 2786 antiqui
999 2728 1027 2769 et
1037 2725 1168 2785 recentes,

59 2785 214 2842 baeeomnia
234 2786 315 2834 verba
334 2786 400 2849 Syro
417 2785 573 2835 attribuunt.
592 2782 638 2835 Fa.
672 2785 742 2835 ‘Cn
757 2784 891 2833 Surum.
912 2786 961 2834 su.
974 2785 1008 2833 cic
1018 2785 1167 2848 estfactum,

59 2851 172 2900 matam
188 2864 246 2912 ergo
256 2850 325 2899 ierus
334 2852 419 2900 &mac
429 2854 513 2900 auctae
522 2853 567 2899 eat.
599 2849 644 2899 Sic
656 2849 700 2899 Fa.
711 2855 740 2898 et
750 2849 809 2897 libri
820 2849 913 2898 nostri.
946 2849 997 2898 Sed
1006 2849 1089 2898 locum
1101 2851 1169 2899 bunc

60 2930 111 2964 non
121 2928 213 2964 carere
224 2914 319 2964 mendo
330 2922 403 2964 recte
414 2914 561 2977 suspicatus
572 2920 612 2963 est
619 2914 667 2962 Vir
677 2914 770 2964 doctus
780 2930 786 2962 r
805 2911 869 2978 quid
881 2921 969 2962 tamen
979 2913 1032 2962 ista
1043 2913 1096 2975 ejus
1106 2928 1168 2963 con-

56 2981 165 3042 jactura
176 2977 226 3028 sibi
238 2979 311 3039 velit,
326 2979 427 3028 dominc
437 2993 493 3040 ergo
504 2979 574 3028 deror
583 2980 668 3027 domno
679 2984 763 3028 coetos
772 2983 819 3038 eat,
835 2976 955 3038 equidem
966 2991 1019 3026 non
1039 2977 1168 3041 intelligo,

59 3058 108 3092 nec
120 3045 154 3093 de
166 3057 200 3093 ea
211 3043 286 3105 plura
297 3043 398 3103 dicam;
415 3058 474 3091 cnm
486 3043 598 3092 nesciam
610 3051 695 3091 utrum
712 3043 786 3103 velit,
802 3041 902 3091 dominae
921 3041 1000 3102 barus,
1017 3056 1049 3090 an
1067 3044 1168 3091 ἀοηιίια

53 3106 164 3158 damno?
200 3106 332 3158 Acidalius
344 3107 377 3157 nd
388 3108 555 3159 Paterculnm
567 3108 606 3156 sic
617 3107 782 3169 corrigebat:
799 3106 998 3166 Sicestfcctam:
1014 3108 1109 3157 domiso
1117 3122 1170 3170 ego,

59 3173 318 3222 marcommannas
326 3179 371 3222 eat.
405 3171 554 3234 Ingeniore,
571 3173 620 3221 hoc
639 3170 814 3221 confitendum
833 3178 935 3221 estrat
955 3170 1013 3221 ideo
1033 3171 1169 3236 onyctcm

61 3237 211 3300 plausorem
222 3234 271 3285 sibi
284 3235 393 3287 invenit.
426 3237 506 3298 Syrus
517 3250 583 3285 nova
595 3235 706 3294 domina,
724 3237 849 3286 Chremes
860 3237 963 3296 damno,
978 3251 1053 3287 novae
1069 3236 1170 3286 scinco

60 3299 141 3359 dotis,
163 3306 256 3352 auctus
275 3310 323 3351 est.
358 3302 515 3365 Quanquam
533 3307 619 3350 antem
636 3300 746 3364 juvenili
763 3301 895 3364 jactantia
917 3299 1050 3350 Acidaiius
1065 3301 1170 3351 ‘edicat

61 3366 182 3414 omnibus
193 3362 232 3414 sic
243 3380 299 3415 esse
315 3364 501 3426 scribendum‚'
517 3365 597 3415 liceat
614 3373 702 3415 tamen
721 3365 783 3416 mihi
803 3381 896 3415 novem
915 3367 996 3415 aleam
1015 3364 1168 3429 periclitari.

56 3430 171 3492 -Repono
184 3429 274 3494 igitur,
291 3429 429 3480 Sostoiiati.
461 3430 505 3479 Sic
515 3435 549 3479 eat
560 3429 672 3490 sactum:
688 3432 830 3491 minoremve
840 3431 910 3479 hmo
920 3433 1004 3480 manno
1022 3436 1106 3480 andos
1123 3433 1168 3478 est.

59 3494 104 3543 Sic
115 3501 145 3544 et
156 3493 218 3544 olins
230 3494 255 3549 ie
273 3494 335 3545 ebat
345 3494 423 3558 Eup)
440 3494 514 3544 Beni.
547 3493 590 3542 Sic
598 3500 633 3543 est
642 3494 747 3555 saetam.
780 3495 832 3545 Cu.
850 3493 966 3546 Domin'i
999 3496 1049 3545 Sa.
1069 3493 1169 3554 Ergab.

59 3559 85 3608 d.
98 3564 182 3608 auctu
191 3563 237 3609 eat.
247 3509 308 3622 gip.
321 3574 379 3623 quae
391 3559 428 3608 sie
438 3565 512 3608 notat
522 3558 530 3585 ‘
539 3555 582 3608 ΑΙ.
593 3559 715 3618 Domiaa3
732 3559 810 3623 idque
830 3566 858 3608 et
874 3574 890 3608 a
908 3560 975 3622 Syro
988 3560 1085 3609 dictum
1096 3558 1169 3606 votae

59 3636 121 3683 ere;
140 3621 210 3673 unde
221 3637 322 3686 magne
334 3638 408 3686 nuga
418 3623 450 3674 ab
461 3622 605 3672 editoribus
617 3622 685 3672 date
695 3624 729 3673 ob
740 3625 803 3673 Mar.
811 3624 1021 3674 inconstantium.
1042 3622 1169 3672 Nostrum

58 3686 321 3738 inaeuitfleiosius!
352 3689 384 3738 Z.
401 3688 450 3738 Sus
466 3687 508 3736 Sic
528 3687 600 3747 ests.
616 3687 719 3738 marica.
753 3688 878 3752 ‘Optime
897 3689 974 3738 Bent.
991 3685 1170 3750 Eugrapnium

58 3760 176 3809 secutos,
192 3752 313 3815 reposuit
331 3754 409 3802 minor
429 3766 476 3817 pro
491 3752 600 3801 demae:
624 3752 669 3801 sed
688 3753 839 3816 recipienda
857 3767 959 3818 quoque
982 3758 1041 3801 erat
1060 3751 1169 3801 aliorum

58 3814 139 3866 codd.
148 3815 313 3881 (quibuscum
325 3815 390 3867 fecit
400 3825 488 3866 noster
499 3815 537 3881 Α)
547 3816 643 3865 lectio:
660 3816 690 3865 st
706 3817 842 3876 &sactum
852 3823 897 3877 est,
913 3822 1068 3877 arguentem
1081 3814 1170 3865 delen·

59 3878 141 3930 dnm:
157 3881 293 3944 absorpsit
303 3883 510 3944 conjunctionem
523 3879 681 3931 antecedens
701 3897 819 3945 personae
838 3880 918 3931 note!
936 3880 1011 3931 Botis.
1026 3880 1070 3945 qui
1089 3879 1169 3944 igitur

57 3945 138 4010 tegit,
154 3945 232 3996 Sicci
241 3945 266 4007 f.
278 3951 323 4010 est,
339 3946 416 3997 misor
432 3946 457 3998 is.
475 3948 500 3997 d.
518 3962 543 3996 a.
560 3950 605 3996 eat.
638 3947 684 3995 Br.
705 3946 747 3996 Sic
765 3945 918 4005 estfactum?
934 3948 1171 3996 dacomarii

222 4112 224 4117 .
263 4125 268 4134 ¹
546 4075 675 4128 fNOTAE
811 4128 816 4134 .
1124 4107 1146 4124 2

121 4173 153 4220 tt
173 4131 242 4233 Erga
252 4169 322 4223 baras
332 4172 418 4223 mmm
426 4173 568 4238 monam]
583 4175 699 4240 Propter
709 4171 806 4238 dotem,
818 4186 877 4239 qne
889 4169 1023 4225 dantacst
1033 4169 1103 4224 titia.
1161 4169 1168 4191 ”
