2678 4694
115 262 183 331 om
536 277 786 328 ascensura.

150 416 203 474 albi
210 421 290 473 hlium
298 423 481 488 ctesiphonem
490 435 547 473 esse
558 426 717 486 corruptum,
727 419 891 486 eluditurque
902 418 995 484 asyro
1002 425 1030 472 st
1039 417 1159 472 Micioos
1170 432 1216 485 per

149 509 233 555 totam
244 503 374 557 Fabulam.
408 504 445 553 Et
454 509 538 553 mater
547 502 640 568 pnellre
646 502 701 566 jam
709 501 812 552 decimo
820 514 908 552 mense
920 505 979 565 post
990 507 1096 565 raptum
1113 503 1216 566 virginis

150 582 302 648 AEsclrluum
316 583 402 633 credit
416 584 463 635 sihi
478 583 529 649 ipsi
540 583 657 649 tapnim
667 569 843 635 meretricem.
874 582 941 637 (lue
949 583 1118 648 perturbatio
1129 584 1182 634 cito
1191 575 1215 632 ia

150 661 317 729 tranquillum
328 661 435 714 redacta
446 671 495 714 est.
528 664 606 726 Nam,
622 677 651 712 re
672 669 808 726 comperta
826 663 859 713 de
875 663 939 714 rltlo
950 663 1067 729 virginis,
1074 664 1162 716 Micio
1172 662 1215 712 dat

149 743 233 793 claena
242 741 363 793 AEschino
375 757 451 809 qnam
464 743 670 808 concupiveratr
686 742 795 808 ejusque
813 750 925 794 matrem
942 743 1000 808 ipse
1021 745 1132 810 accipit.
1163 745 1217 796 De·

149 825 277 889 prehenso
289 840 350 878 rero
359 826 520 890 ctesiphone
532 827 560 875 in
579 836 667 876 amore
685 825 839 888 meretricis,
853 824 936 890 primo
956 826 1078 877 irascitur
1096 827 1214 876 Demeas

36 904 41 919 ¹
149 915 211 971 post
220 907 325 972 lenitur,
335 914 414 973 atque
424 907 551 958 habende
573 908 631 972 ejus
653 906 797 973 meretricia
817 907 951 959 licentiam
971 907 1085 972 prebet.
1113 908 1214 959 Primus

150 995 225 1039 actua
247 988 303 1039 laec
321 989 455 1038 continet:
473 987 595 1037 Minionis
609 987 687 1055 aulius
699 987 781 1050 primo
797 988 894 1039 verba:
913 996 940 1038 et
958 996 1029 1053 post,
1049 987 1171 1053 ejusdem
1189 997 1216 1040 et

150 1065 255 1118 Demere
269 1068 392 1133 jurgium.
426 1066 560 1118 Secundus
579 1072 653 1119 actus
672 1067 728 1117 hec
745 1068 880 1120 continet:
898 1069 995 1120 lenonis
1007 1070 1121 1122 alteram
1137 1071 1215 1121 rixam

149 1147 273 1198 advertus
284 1148 431 1198 AEschinum
443 1162 490 1213 pro
503 1149 605 1214 puella:
622 1148 744 1214 ejusden·
752 1149 822 1213 apud
840 1149 934 1215 Syrum
945 1150 1081 1216 querelas:
1098 1151 1216 1203 laetitiam

150 1229 333 1294 ctesiphnnls:
351 1230 525 1280 obsessionem
536 1232 646 1281 amicae:
664 1236 692 1280 et
712 1230 830 1295 ejusdem
850 1230 992 1295 gratiarnm
1008 1230 1135 1282 actiones·
1149 1231 1216 1296 apud

149 1310 309 1362 AEachinnm.
340 1312 525 1362 Tertinsactns
537 1312 742 1364 hecooutinetr
758 1312 961 1376 trepidationem
978 1313 1072 1362 matris
1090 1312 1215 1364 Smuate

148 1397 180 1440 et
197 1391 336 1442 Cantharae
347 1393 455 1443 nutricis
472 1393 505 1442 ob
522 1391 711 1456 parturientem
722 1392 886 1457 Pamphilam
897 1393 1016 1443 vitiatam
1027 1392 1060 1443 ab
1077 1392 1214 1444 Mus:

73 1492 76 1499 ·
151 1473 247 1523 Getam
265 1473 428 1524 nuntiantem
440 1474 550 1525 dominre
562 1488 615 1525 sne
624 1487 673 1538 per
683 1486 806 1536 errorem,
816 1472 941 1539 quodsihi
952 1473 1072 1538 rapuerit
1083 1473 1215 1527 AEsubinns

145 1553 327 1604 meretricem:
346 1552 456 1604 reditum
468 1555 494 1603 in
514 1568 617 1604 scenam
629 1555 759 1605 Demeter
777 1552 946 1619 ejusdemque
966 1568 1026 1604 cuns
1045 1553 1114 1618 Syro
1132 1552 1214 1603 inditi·

151 1639 228 1685 caute
239 1634 478 1684 sermocinationem
489 1647 497 1680 ε
515 1635 690 1684 interventum
701 1631 902 1698 Hegionia,cnm
912 1632 1017 1698 querela
1026 1631 1098 1698 apud
1108 1632 1213 1682 eunden

148 1713 278 1763 Demeam
290 1714 322 1762 de
331 1712 402 1764 facto
414 1714 538 1777 AEschini‚
548 1715 595 1764 de²
607 1714 783 1764 consolatione
789 1696 922 1765 Sostratae.
946 1712 1064 1766 Quartus
1076 1719 1154 1764 actus
1162 1714 1214 1762 hec

149 1794 286 1844 eontinet:
302 1795 467 1858 Ctesiphonis
485 1809 543 1845 cum
560 1796 626 1861 Syro
643 1794 817 1862 colloquium:
834 1795 992 1845 delusionem
1005 1795 1138 1846 Demeaer
1154 1795 1213 1860 ejus·

152 1871 263 1938 demque
273 1872 299 1922 iu
308 1887 411 1924 scenam
422 1874 606 1938 interventum,
623 1883 702 1940 atque
714 1875 852 1926 mandans
864 1873 1061 1926 frustrationem
1070 1877 1214 1941 persyrnm

151 1952 264 2004 factam:
283 1953 404 2004 Micionis
417 1969 474 2004 cum
488 1955 607 2018 Hegione
625 1969 786 2005 sermonem:
804 1956 935 2019 querelem
952 1954 1069 2005 AEschiui
1088 1955 1123 2007 de
1144 1955 1211 2006 rebus

150 2033 212 2096 anis,
218 2031 382 2098 ejusdemque
392 2048 449 2083 cunr
461 2033 577 2083 Micione
584 2040 659 2098 patre
670 2032 851 2087 faustissimam
859 2033 1071 2085 dissertationem
1081 2033 1104 2086 :³
1114 2037 1210 2086 Demee

152 2113 265 2164 reditum
282 2114 310 2164 in
329 2128 433 2164 scenam
445 2129 478 2164 ex
490 2129 588 2178 errore,
599 2115 625 2164 iu
637 2127 713 2180 quern
726 2128 784 2164 eum
796 2116 948 2180 conjecerat
957 2116 1056 2181 Syrna:
1074 2125 1103 2168 et
1114 2131 1212 2168 renova·

148 2201 205 2247 tuus
217 2210 275 2245 cnm
287 2194 369 2247 fratre
381 2194 496 2260 ejusdem
502 2196 619 2260 jurgium
629 2211 636 2244 r
648 2195 838 2257 processionem
851 2195 877 2244 in
887 2210 991 2246 scenam
1004 2197 1146 2248 temulenti
1155 2196 1212 2261 syri.

150 2277 263 2328 Quintus
274 2284 348 2326 actus
359 2277 416 2324 haec
427 2276 561 2325 continet:
575 2273 804 2338 deprehensionem
817 2275 1051 2340 Ctesiphuuiscum
1062 2278 1209 2329 meretrice:

151 2357 257 2405 tertium
273 2370 332 2406 cnm
346 2357 460 2405 Micione
474 2356 588 2418 jurgium
601 2355 716 2412 Demere,
732 2354 901 2420 ejusdemque
912 2357 972 2407 vita
983 2358 1105 2422 pristinae
1115 2371 1208 2422 correp·

151 2435 264 2486 tiorum:
281 2441 309 2485 et
328 2450 375 2499 per
395 2450 454 2485 enm
472 2438 554 2484 multa
570 2435 597 2483 in
615 2435 748 2486 Comoedia
767 2437 851 2496 Nora,
870 2438 921 2487 hec
939 2446 990 2500 eat,
1011 2439 1207 2490 blandimentum

150 2516 222 2566 circa
239 2516 400 2579 AEschianm,
420 2521 447 2565 et
464 2514 643 2565 affabilitatem
661 2516 730 2566 circa
749 2516 859 2568 Getam:
883 2512 1094 2570 conciliationem
1112 2521 1169 2587 Syri
1185 2525 1208 2568 et

150 2597 237 2647 uxoris
255 2597 330 2662 ejus:
349 2603 377 2647 et
398 2596 499 2646 reniam
523 2596 591 2646 circa
610 2595 808 2660 Ctesiphoneme
825 2599 1072 2666 permissionemque
1092 2601 1206 2652 habende

151 2679 305 2729 meretricis.
327 2679 452 2728 Servetur
461 2685 602 2744 antemper
610 2684 693 2726 totam
705 2677 829 2730 Fabulam
837 2682 905 2731 mitis
914 2682 1004 2744 Micio,
1014 2697 1101 2734 saevus
1112 2685 1208 2741 menes

151 2760 210 2809 leno
221 2773 324 2822 avarus,
340 2760 446 2809 callidus
465 2760 553 2823 Syrus,
574 2758 678 2808 timidus
689 2759 824 2825 Ctesipho,
835 2761 950 2812 liberalis
960 2761 1109 2828 lEschinus,
1119 2762 1207 2830 paride

150 2840 284 2905 mulieres,
293 2841 482 2904 gravisiiepio.
515 2841 547 2890 In
558 2839 702 2891 dividendis
714 2841 815 2891 actibus
825 2843 934 2892 Fabulae·
942 2841 1088 2895 identidem
1096 2845 1207 2896 memine-

151 2923 248 2983 rimus;
265 2921 348 2986 primo
369 2924 520 2986 paginarum
539 2921 770 2971 dinumerationem
789 2936 873 2987 neque
885 2923 1002 2987 Graecos,
1013 2939 1101 2990 neque
1112 2926 1206 2976 Lemnos

149 3013 284 3053 servasse:
299 3017 359 3051 enm
376 3004 432 3066 ejus
452 3001 600 3050 distributio
616 3003 761 3067 hujusmodi
774 3005 900 3054 rationem
911 3005 1017 3068 habeat,
1027 3013 1067 3070 ut,
1079 3008 1207 3059 nbiatten·

151 3082 349 3145 tiorspectator
368 3096 424 3130 esse
442 3083 569 3146 potnerit,
589 3083 689 3146 longior
707 3091 780 3135 actus
796 3085 849 3136 altr
867 3086 912 3136 ubi
929 3084 1099 3153 fastidiosior,
1116 3089 1207 3140 brevior

152 3169 231 3225 etque
243 3161 413 3211 contractior.
445 3163 549 3212 Deinde
560 3164 639 3213 etiam
651 3165 723 3228 illud,
732 3165 759 3215 in
767 3167 876 3217 eundern
888 3173 974 3217 actum
983 3182 1061 3232 pesse
1071 3170 1174 3236 conjici,
1184 3173 1207 3217 et

150 3247 205 3290 tres
216 3247 244 3289 et
255 3247 365 3304 quatuor
376 3255 465 3290 scenas
476 3243 661 3293 introeuntium
673 3252 752 3310 atque
763 3248 913 3297 exeuntium
925 3262 1104 3312 personarum.
1136 3252 1206 3300 Facta

151 3321 302 3452 αἰιὴιιιωὲιωῐ
311 3336 360 3372 una
372 3330 412 3373 est
424 3324 458 3373 de
466 3323 566 3374 duabus
578 3326 692 3391 Fabulis,
702 3327 829 3393 Adelphis
840 3329 991 3397 Menandri,
1000 3338 1029 3382 et
1040 3332 1205 3386 Commorien-

153 3403 172 3451 ι’
209 3417 221 3452 a
258 3403 285 3469 ip
304 3403 343 3454 ili.

115 3566 196 3623 habet
206 3573 230 3619 el
242 3568 372 3620 wne-e
390 3571 596 3637 Decertoliorrsm]
612 3571 664 3623 Ma.
681 3572 879 3625 dismrtutiosem.
895 3573 970 3626 Liud.
