2678 4694
532 288 782 337 aasumensi.
1137 274 1201 340 671

99 433 134 491 lii
144 431 255 491 Pauli:
278 428 434 510 agentibus
446 429 479 488 L.
491 429 626 488 Ambivio
639 439 669 490 et
688 429 720 489 L.
736 431 904 515 Turpione:
920 433 1053 511 quicum
1068 432 1129 493 suis
1140 452 1206 512 gre-

101 530 197 609 gibus
223 526 311 586 etiam
336 535 400 584 tum
422 526 574 605 personati
600 519 747 606 agebant.
782 524 1113 591 Modulataestautem
1128 530 1207 591 tibiis

99 625 234 698 dextris,
255 619 287 682 id
302 631 358 696 est,
372 621 483 702 Lydiis,
498 623 536 682 ob
552 623 657 683 seriam
679 624 863 704 gravitatem,
878 645 938 705 qua
951 625 1013 686 fere
1026 624 1059 686 in
1072 627 1208 688 omnibus
1285 700 1290 709 Ι

99 719 272 782 Comoediis
293 718 386 781 utitur
407 718 457 780 hic
479 718 594 785 Poeta..
624 721 712 802 Stepe
735 732 847 795 tamen,
868 723 989 783 mutatis
1013 743 1065 802 per
1088 743 1206 784 scenam

98 818 219 889 modis,
238 816 356 876 cantica
377 817 532 875 mutavitz⁴
548 816 633 895 quod
661 818 809 896 significat
829 819 936 879 titulus
958 840 1068 892 mene,
1095 820 1208 881 babens

98 915 261 995 subjectas
271 918 406 997 personis
421 917 533 988 literas,
549 916 593 977 M.
607 917 651 976 M.
667 917 704 975 C.
747 918 821 978 ltem
836 919 982 999 Direrbia
999 921 1039 980 ab
1056 919 1210 980 histrioni·

97 1015 161 1074 bus
182 1014 288 1075 crebro
312 1014 505 1094 pronuntiata
522 1021 601 1085 sunt,
626 1032 693 1092 quae
719 1013 922 1094 significantur
936 1016 976 1075 D.
993 1025 1024 1075 et
1037 1012 1094 1076 M.⁵
1116 1015 1209 1074 literis

98 1109 275 1172 secundum
289 1129 481 1191 personarum
495 1109 616 1171 nomina
629 1111 820 1192 prescriptis,
835 1113 866 1172 in
886 1133 922 1173 eo
946 1111 1013 1175 loco
1037 1113 1088 1174 ubi
1108 1111 1210 1192 incipit

98 1201 212 1268 scene.
252 1207 469 1268 Annotandum
483 1226 567 1280 sane,
578 1207 659 1288 quod
673 1207 739 1269 hec
754 1208 868 1270 Fabula
881 1210 1048 1286 eporarade
1059 1211 1210 1286 cedema

98 1299 168 1364 non
182 1301 287 1377 babet,
300 1303 358 1362 boc
372 1315 429 1376 est,
442 1322 612 1383 personam,
622 1323 691 1384 qum
704 1304 745 1363 sd
758 1315 965 1384 argumentum
978 1305 1053 1366 nihil
1075 1306 1209 1374 attineat,

99 1414 237 1478 qumque
259 1398 299 1459 sit
311 1411 444 1460 assumta
457 1400 653 1474 extrinsecus,
667 1411 701 1462 ut
719 1403 811 1462 estin
825 1403 965 1463 Arrunte
981 1403 1079 1464 Sosia.
1119 1403 1209 1461 ‘Hanc

100 1495 215 1555 dicunt
230 1514 267 1556 ex
277 1494 462 1557 'l'crentianis
478 1496 612 1557 secundo
626 1497 695 1557 loco
709 1506 816 1571 actam,
830 1498 919 1559 etiam
934 1508 997 1558 tum
1011 1498 1077 1559 rudi
1091 1498 1210 1558 nomine

100 1590 224 1654 Po'e'tae.
268 1593 373 1673 Itaque
397 1593 440 1654 sic
463 1595 698 1675 pronuntiatam,
712 1597 883 1656 Annaeum
896 1593 1062 1669 Tenemur,
1075 1614 1135 1654 non
1150 1595 1211 1658 Tn-

103 1707 217 1750 aurrrr
231 1689 423 1751 Annaeum:
445 1691 527 1770 quod
544 1690 644 1752 adhuc
658 1693 753 1772 magis
768 1694 806 1754 de
822 1692 943 1755 Fabulae
962 1694 1080 1754 nomine
1106 1693 1209 1767 Poeta,

102 1806 198 1866 quam
218 1785 257 1846 de
271 1787 374 1846 Po'etm
388 1789 506 1848 nomine
522 1788 637 1849 Fabula
648 1792 924 1852 commendabatur.
965 1791 1002 1849 ln
1016 1791 1073 1853 hac
1087 1792 1208 1872 quidem

102 1892 262 1964 spectatur
271 1882 345 1963 quid
359 1884 475 1944 intersit
487 1885 565 1944 inter
576 1886 718 1945 rusticam
731 1896 762 1946 et
775 1889 919 1946 urbanam
932 1887 1043 1948 vitam:
1064 1888 1164 1949 mitem
1179 1900 1210 1949 et

103 1998 245 2060 asperam
260 1998 269 2037 ε
292 1977 405 2040 coelibis
425 1990 456 2040 et
478 1981 596 2040 mariti:
617 1981 678 2041 veri
692 1983 784 2061 patris
799 1998 829 2043 et
842 2003 894 2063 pet
910 1981 1115 2064 adoptionem⁶
1130 1984 1210 2045 lecti.

104 2076 228 2146 Quibus
252 2074 413 2156 propositis
437 2077 475 2137 ad
497 2077 677 2156 exemplum,
697 2078 822 2138 vitanda
844 2078 978 2159 perinde,
999 2078 1211 2158 fugiendaque,

103 2171 265 2235 Terentius
278 2183 460 2247 monstrans,
478 2174 596 2234 artificis
617 2173 720 2234 Polites
738 2195 791 2254 per
812 2184 907 2235 totam
929 2174 1073 2236 Fabulam
1098 2175 1213 2236 obtinet

102 2271 243 2333 laudem.

102 2427 312 2542 {usmaitlyam
328 2431 432 2477 ustum.
448 2425 572 2477 find-5
591 2426 710 2477 Danielis
726 2426 784 2479 cod.
803 2426 841 2476 D.
856 2431 881 2476 et
896 2426 926 2478 V.
941 2425 1033 2479 td—-e
1048 2425 1099 2477 ata
1114 2427 1212 2489 adopto·

117 2507 206 2549 mem-
257 2527 265 2543 .

232 2861 321 2910 AELll
346 2860 493 2908 nonant
517 2858 790 2908 ARGUMENTUM
814 2860 856 2908 ΙΝ
881 2859 1094 2908 ADELPHOS.

106 2999 152 3051 Ex
170 2995 274 3047 duobus
291 2995 387 3047 Atticis
404 2995 540 3059 fratribus,
556 2996 623 3046 altar
634 2994 748 3060 quidem,
758 2995 861 3046 Demea
872 2994 986 3058 nomine,
995 3009 1040 3044 rus
1052 2992 1214 3055 caluit,uxo·

141 3091 201 3128 cem
220 3076 307 3138 duxit,
325 3076 392 3127 filios
412 3079 528 3141 suscepit
546 3078 620 3141 druos,
640 3077 789 3128 AEscluiuum
808 3084 837 3126 et
855 3075 1047 3140 Ctesiphonem.
1086 3072 1125 3124 At
1141 3074 1216 3133 alter,

142 3158 230 3208 Micio
243 3158 360 3220 nomine,
376 3173 484 3209 usonem
500 3172 550 3208 nou
569 3156 661 3220 duxit*
686 3165 714 3207 et
735 3157 801 3206 lilios
821 3170 962 3220 procreare
982 3155 1082 3206 nolnitt
1099 3153 1144 3205 sed
1163 3154 1214 3204 sibi

139 3237 227 3289 felium
237 3237 329 3289 fratria
347 3239 494 3291 AEsclaiam
506 3238 658 3302 adoptarit:
675 3245 754 3302 etque
775 3237 814 3286 ita
834 3235 1001 3300 indulgenter
1019 3235 1112 3287 eduxit
1127 3250 1145 3284 a
1155 3250 1214 3298 par·

143 3317 348 3382 mmnteffuse
360 3319 504 3371 luxuriatus
523 3317 674 3368 adolescens
695 3316 728 3367 ad
748 3322 909 3380 postremum
926 3316 1010 3367 civem
1031 3315 1149 3366 Atticam
1164 3315 1214 3365 rir-

145 3401 233 3463 gincm
244 3399 360 3463 vitiaret,
369 3408 460 3464 captus
472 3413 559 3449 amore
570 3398 643 3460 ejus:
662 3411 712 3460 quo
723 3396 800 3460 facto,
809 3402 837 3446 et
847 3411 905 3446 cum
915 3408 999 3445 matre
1010 3395 1104 3460 puelle
1114 3394 1214 3458 pepigit

144 3481 252 3543 nuptias
270 3480 398 3544 ejusdem,
414 3495 488 3544 quam
509 3477 620 3527 vitiavit.
654 3477 771 3541 Cumque
791 3491 845 3526 rem
865 3483 964 3540 gestam
983 3476 1016 3525 ad
1034 3477 1152 3540 patris,n
1165 3487 1217 3536 quo

145 3559 287 3623 adoptatus
303 3557 400 3622 fuerat,
417 3557 607 3610 conscientiam
622 3555 678 3619 jam
696 3557 804 3623 jamque
825 3558 974 3622 perlaturus
995 3563 1076 3618 esset,
1095 3553 1214 3618 precibus

146 3641 327 3704 ctesiphone,
344 3639 431 3690 fratris
450 3641 499 3700 sui,
511 3638 555 3702 qui
567 3635 637 3700 apud
649 3637 739 3686 durum
751 3645 850 3700 petrem
861 3645 939 3702 atque
951 3642 1079 3700 agrestem
1091 3635 1213 3682 Demeam

145 3722 251 3785 parcius
262 3728 340 3786 atque
357 3722 453 3770 arctius
465 3719 614 3777 haberetur,
626 3716 750 3779 impulsus
762 3724 811 3780 est,
828 3724 856 3766 et
866 3722 896 3766 ut
905 3717 991 3765 eidem
1003 3731 1018 3764 a
1030 3717 1122 3763 lenone
1139 3726 1213 3774 rape·

144 3812 190 3853 ret
198 3803 375 3852 meretricem:
394 3799 531 3865 quofacto,
543 3797 681 3864 multiplici
694 3811 782 3846 errore
803 3799 949 3861 completur
965 3794 1073 3845 Fabula.
1106 3795 1175 3843 Nam
1186 3801 1214 3842 et

146 3885 253 3933 Demea
264 3897 323 3932 cum
333 3883 380 3932 hoc
391 3882 457 3945 ipso,
469 3880 558 3942 idest,
574 3893 632 3928 cum
645 3877 761 3928 Micioue
771 3878 900 3941 litigabat,
912 3884 1031 3940 tanquam
1045 3889 1102 3924 cum
1119 3889 1150 3924 eo
1170 3875 1214 3939 qui

146 3965 296 4027 corruperit
314 3963 506 4013 adolescentem
529 3960 690 4024 adoptatum,
706 3960 732 4007 in
751 3974 835 4009 mores
858 3957 981 4023 perditos,
999 3956 1117 4008 nesciens
1139 3970 1213 4005 suum

148 4100 162 4144 l
182 4094 293 4144 Rectius
306 4094 334 4143 in
352 4093 403 4143 Me.
420 4073 519 4142 esocem
524 4093 609 4142 decere
620 4096 643 4142 et
652 4089 719 4152 filios
728 4101 851 4153 procreare
867 4085 952 4136 mluit.
971 4085 1097 4138 tina-a
1114 4085 1168 4137 Pro
1184 4089 1213 4135 de
