2678 4694
113 264 177 329 568
483 281 513 326 a.
536 278 720 327 rsauuru
745 279 837 328 arar

116 382 224 489 uma
249 422 385 487 Faciam
399 442 407 486 :
422 421 485 539 scd
500 423 617 487 nescio
632 423 714 505 quid
724 422 965 506 pmteotomihi
979 424 1113 491 animus
1126 445 1202 511 pre·
1248 474 1250 505 ,

115 625 219 690 Corn.
242 522 485 706 ξ’ῖέτιςῒίιῗῖιειέυο
509 624 604 706 prius
621 624 816 710 dijudicare,
835 647 936 710 quom
951 628 1031 706 scis,
1046 628 1132 715 quid
1144 629 1204 693 veri
1247 538 1250 697 l

116 824 223 893 Cum.
246 727 386 892 ssptnlihss
407 828 488 891 mali
510 835 612 908 esset,
632 829 704 913 jam
723 830 777 894 hio
797 828 962 894 adessent
1005 829 1115 896 carn.
1136 829 1204 895 Jan

246 926 397 1028 aderunt.
444 927 553 994 Cum.
575 928 723 1008 Quando
737 931 826 996 istuc
843 931 930 996 eritl

115 1027 223 1095 Cum.
245 1028 327 1093 Non
341 1030 482 1114 cogitas,
502 1031 579 1096 hinc
598 1032 733 1115 longule
746 1033 846 1097 esset
866 1041 902 1096 et
914 1031 1005 1098 nosti
1019 1034 1132 1098 mores
1143 1048 1205 1096 mu

245 1133 381 1199 lictum:
1169 1134 1204 1198 lu

116 1234 208 1300 num
232 1235 422 1314 moliuntur,
446 1235 527 1299 dum
553 1240 741 1313 comuntur,
773 1255 880 1301 annus
902 1239 967 1302 est.
1025 1233 1141 1302 cira.
1180 1232 1204 1298 0

246 1335 409 1420 Clitipho,
1092 1360 1095 1365 ·

115 1534 217 1647 gosp
232 1540 262 1585 a.
297 1536 342 1585 cn.
361 1538 469 1614 caven,-
483 1540 525 1588 aa
540 1543 603 1587 aaa
619 1538 734 1616 annisu
750 1537 894 1602 noram
909 1528 1208 1649 mmmm

116 1725 163 1772 01„
182 1725 303 1781 Quando?
336 1731 396 1777 eu.
416 1731 470 1778 Nost
481 1733 675 1780 considerassem
682 1731 764 1794 procel
773 1731 829 1779 laiac
838 1728 964 1778 tatum?
981 1727 1111 1790 cognoscis
1121 1736 1206 1774 mus·

115 1791 377 1849 tudinemfoemianrum
386 1808 395 1849 ,·
411 1795 467 1841 datm
473 1799 608 1856 paciantur,
618 1797 675 1843 dasss
684 1799 769 1843 ornant
779 1809 865 1854 cosam,
876 1791 1043 1852 mserum
1051 1795 1141 1856 parunt
1150 1785 1205 1837 sarit

116 1853 189 1917 cultu,
209 1855 235 1903 in
246 1854 410 1915 infacundis
427 1863 662 1908 ammoneant.
695 1859 741 1908 Ca.
760 1859 784 1906 0
806 1857 932 1921 cuspis!
952 1857 1032 1906 tim.
1067 1857 1126 1906 Cu.
1142 1853 1206 1904 Adit

116 2114 162 2164 sed
179 2123 254 2167 notet
270 2118 373 2167 Bruns:
396 2118 506 2168 ‘Lectio
518 2118 615 2168 codicis
632 2123 730 2167 mutata
747 2116 773 2164 in
791 2111 866 2165 eoae!
898 2111 1016 2162 ‘Omnes
1032 2109 1094 2160 iibri
1111 2117 1140 2159 et
1156 2109 1208 2160 edd.

117 2186 184 2228 vett.
196 2180 244 2231 laic.
261 2181 362 2232 Recte!
377 2183 452 2232 Bent.
486 2183 529 2232 Ita
548 2197 650 2247 quoque
667 2181 713 2230 Br.
731 2180 803 2230 Perl.
821 2178 902 2228 Both.
933 2175 1019 2226 Abest
1033 2175 1207 2238 praepositios

117 2241 290 2294 unsina-a
307 2247 345 2295 Μ.
368 2247 400 2295 G.
415 2248 486 2310 Lips.
507 2247 553 2296 Br.
573 2247 625 2295 ΕΤ.
649 2246 711 2295 ΕΜ.
732 2244 803 2294 Perl.
823 2257 892 2305 quam
912 2241 983 2290 acina.
1018 2237 1141 2288 ‘Omnes
1157 2238 1205 2289 sere

116 2309 199 2356 nostri
219 2322 276 2356 ctum
296 2318 361 2358 vett.
382 2310 514 2359 eddesius
525 2311 636 2374 pruscia.
671 2307 748 2358 Unde
766 2313 895 2371 promtum
913 2311 954 2354 est
974 2303 1129 2353 emendare:
1147 2317 1207 2367 mon

116 2371 178 2420 scias
187 2371 243 2433 quid
253 2373 289 2421 rei
299 2373 354 2422 siet.
388 2374 473 2423 Etiam
485 2374 554 2438 Guy.
565 2382 636 2423 recte
648 2374 713 2422 vidit
723 2372 775 2430 rei,·
793 2372 856 2421 licet
867 2371 893 2418 ia
913 2367 1019 2432 reliquis
1039 2381 1144 2416 versum
1162 2381 1209 2417 cor·

118 2435 234 2497 ruperit!
250 2437 323 2485 Beni.
357 2437 451 2500 ‘Vulg
462 2438 518 2502 quid
527 2439 578 2486 ossi
587 2439 644 2498 siet,
661 2435 765 2486 omniuo
777 2436 901 2499 pessime:
920 2431 1060 2494 castigavit
1071 2431 1142 2496 Guy.
1156 2445 1208 2495 pro·

115 2499 197 2548 haute
208 2500 285 2549 Bent.
298 2517 319 2550 s.
330 2498 406 2562 infra,
421 2503 470 2551 hoc
508 2500 594 2550 uidem
613 2502 890 2551 adrumentorum.
910 2498 980 2560 vulg.
998 2509 1102 2560 quoque
1114 2492 1209 2558 Pergin’

117 2565 196 2612 istum
211 2562 256 2613 sed
270 2565 308 2613 ita
317 2565 430 2625 nescias,
446 2566 496 2614 iam
517 2567 619 2615 icumne
632 2581 663 2615 an
676 2564 834 2615 trochaicum
847 2564 935 2624 legere
945 2559 1075 2623 incipias!
1086 2561 1161 2609 Bottn
1172 2558 1210 2624 qui

115 2627 197 2690 igitur
208 2628 262 2689 dat,
272 2628 388 2691 Pergisne
398 2632 425 2678 id
430 2645 456 2692 p.
466 2631 490 2679 d.
500 2645 568 2693 qaam
577 2631 647 2687 scios,
663 2631 719 2693 quid
728 2644 754 2677 ra
769 2630 874 2678 sien-9
889 2624 1005 2675 Adessant
1023 2625 1055 2672 R.
1075 2638 1127 2687 quo
1147 2626 1209 2674 Dar.

117 2700 159 2742 est
171 2707 226 2755 usa,
241 2694 286 2741 aed
297 2693 335 2742 M.
346 2695 416 2756 Lips.
428 2695 462 2743 G.
475 2695 527 2745 ΕΤ.
539 2702 567 2744 et
579 2695 640 2744 ΕΜ.
650 2697 752 2754 adeun,
769 2699 797 2742 et
818 2705 877 2739 mox
895 2688 981 2738 aderit.
1013 2688 1162 2752 Utrumque
1175 2695 1211 2738 est

116 2757 143 2805 in
163 2757 293 2807 vetustiss.
313 2758 450 2820 impressis.
471 2760 542 2809 Wsst.
574 2759 662 2823 ‘Lege
681 2773 715 2808 ex
734 2755 828 2806 uostris
845 2768 919 2817 paeue
937 2751 1057 2802 omnibus
1075 2766 1134 2800 cum
1153 2752 1210 2801 edd.

117 2826 184 2870 vett.
196 2823 287 2871 merset
345 2823 431 2873 emt.
463 2823 571 2885 corrige
582 2837 692 2887 qnoque,
710 2819 938 2878 Quaadoiatuejom
947 2815 1019 2866 sritt'
1035 2817 1115 2865 Beut.
1148 2817 1212 2866 Pro·

117 2885 246 2935 batPerl.
258 2887 363 2935 etidem
374 2887 463 2937 mallet
474 2887 539 2936 Duo.
550 2901 601 2935 nou
613 2887 689 2946 maie,
702 2885 792 2948 judice
803 2884 887 2932 West.
920 2883 1015 2929 ‘Boot
1036 2880 1137 2936 Quando
1155 2883 1212 2929 istuc

110 2948 164 3008 jam
173 2953 237 2999 erit?
252 2952 392 3014 ingeniose,
407 2950 483 2999 modo
494 2950 548 3009 jam
558 2951 649 2999 melius
661 2950 783 2998 collocari
796 2954 901 3012 posset:
919 2960 979 2994 uam
999 2945 1038 2993 itu
1056 2944 1160 3007 quidem
1172 2944 1213 2992 rix

118 3014 266 3078 audiretur!
283 3014 358 3064 Botis.
386 3014 485 3063 Adesset
540 3014 618 3063 oderit
629 3012 692 3062 dant
703 3014 749 3062 Br.
759 3014 817 3076 Bip.
830 3011 906 3060 Both.
931 3008 1074 3068 Abeatjoss
1085 3009 1213 3072 posterius

118 3075 208 3126 Guels.
219 3083 244 3127 2.
256 3081 345 3126 deit)
360 3079 402 3127 lta
410 3079 520 3139 plusculi
535 3086 564 3127 et
582 3078 787 3141 prestantissimi
805 3076 887 3126 Libri.
921 3072 1092 3136 calphurnius
1110 3073 1214 3138 aliique,

117 3142 211 3202 magias
221 3141 307 3189 utem.
341 3142 393 3191 ΕΤ.
407 3150 434 3191 et
446 3142 501 3191 ΕΜ.
513 3147 536 3192 1.
553 3143 588 3191 Et
607 3141 693 3191 nostis’
704 3156 779 3191 mores
796 3141 1011 3202 molieruntque
1029 3137 1108 3186 lectio
1129 3137 1215 3185 verior

90 3242 94 3247 .
116 3205 232 3254 videtur.
266 3205 409 3256 Quiaenim
420 3207 591 3270 iuterrogatio
602 3212 783 3270 praecesserat,
796 3204 954 3266 mesogiten,
969 3202 1025 3251 tine
1042 3201 1137 3262 uanis
1147 3199 1216 3252 asse?

117 3268 375 3333 dpoarsndrepouerat,
385 3271 442 3320 haec
454 3284 541 3320 rursus
553 3286 599 3334 per
609 3271 841 3334 interrogationem
851 3267 1005 3331 exprimere.
1024 3266 1097 3314 Wert.
1128 3265 1137 3292 ⁴
1147 3265 1172 3314 N
1175 3279 1216 3314 os·

117 3335 152 3382 tri
163 3334 278 3383 nniversi
296 3335 391 3396 umas
406 3335 493 3386 uteru.
526 3336 665 3385 Mutarunt
683 3333 814 3399 Magistri,
829 3346 863 3382 ne
882 3330 1003 3394 discipuli
1021 3329 1140 3378 obsoleto
1160 3334 1217 3378 tum

117 3398 463 3460 manutenuerunt.
496 3399 530 3449 G.
540 3401 587 3450 Br.
600 3399 665 3449 Pali.
677 3401 729 3449 ΕΤ.
746 3407 774 3448 et
792 3397 855 3447 ΕΜ.
874 3396 973 3444 habeut
990 3394 1092 3454 longino
1124 3391 1216 3442 Guell.

118 3466 143 3513 2.
155 3471 183 3510 et
192 3463 238 3512 Br.
248 3463 397 3513 nom-11
415 3462 531 3514 Exhibeo
541 3464 680 3513 lectionem
692 3464 756 3514 Cod.
769 3459 975 3518 Gemblacensia,
990 3457 1122 3506 laudatam
1140 3457 1217 3506 Illus-

118 3526 231 3576 trissimo
249 3527 364 3591 losepho
382 3529 521 3591 scaligero,
545 3542 621 3591 quem
641 3528 709 3579 vide.
750 3529 872 3577 Ceterum
895 3524 990 3573 Petrus
1014 3521 1119 3571 eonius
1140 3521 1218 3584 legit,

117 3593 263 3643 molliuntur.
296 3592 348 3641 Sed
360 3594 434 3642 etita
445 3592 581 3654 legendum
598 3607 653 3642 esse
673 3590 808 3643 contendit
826 3587 895 3652 apud
911 3588 1042 3644 Plautum,
1057 3585 1137 3633 Truc.
1149 3598 1180 3634 11.
1191 3590 1219 3636 2.

118 3660 160 3706 st.
177 3656 344 3706 ‘Molliendis
363 3670 417 3706 rem
438 3656 543 3720 coegit!
574 3658 659 3722 Vulgo
685 3656 824 3706 manantis.
856 3651 933 3703 Adde
955 3650 1096 3724 Calphuru.
1115 3648 1220 3698 Summi

118 3719 185 3783 Viri,
201 3721 303 3786 Lipsius
317 3730 345 3771 et
355 3721 479 3783 Scaliger,
493 3722 613 3771 mundis.
646 3717 866 3770 Lindenbruclsins
884 3714 975 3765 itidem
989 3726 1096 3789 ‘passure
1115 3711 1220 3789 dictum

119 3792 236 3835 autumat
247 3786 279 3835 ab
290 3799 331 3849 eo,
345 3786 414 3849 qnod
423 3792 471 3846 est,
482 3785 611 3846 ‘molera’
621 3785 767 3850 significatu
778 3781 864 3844 turpi3
882 3778 974 3829 itidem
989 3776 1110 3826 inductus
1128 3777 1219 3826 verbra

117 3846 257 3910 Plautinis,
272 3851 324 3900 loc.
336 3851 381 3901 cit.
391 3850 532 3913 itidemque
543 3850 654 3899 sinnada
665 3851 761 3912 legens.
795 3846 893 3896 Merito
904 3851 991 3892 autem
1003 3840 1109 3904 vapulat
1124 3854 1141 3888 a
1152 3842 1220 3891 Bar·

118 3911 181 3975 thio,
194 3912 367 3964 Adversaris.
380 3919 419 3964 10.
455 3914 592 3964 Comuntur.
615 3915 652 3964 M.
663 3917 793 3962 emuntur.
824 3910 868 3958 Ita
887 3914 915 3957 et
932 3905 1009 3982 (ΜΕ.
1027 3904 1099 3979 legit¹
1108 3916 1143 3952 ex
1162 3906 1226 3956 Με.Δ

117 3975 202 4026 sedet
214 3983 255 4027 est
265 3977 291 4025 in
302 3978 378 4029 Bodl.
390 3986 419 4029 et
429 3978 505 4029 editis
513 3979 641 4043 antiquis3
654 3973 874 4043 qnamlectionem
884 3972 1005 4021 Barthms
1014 3969 1065 4019 loc.
1076 3976 1123 4018 cu.
1135 3968 1166 4017 ὲκ
1174 3971 1221 4019 nou

119 4046 244 4090 coutantur
263 4049 350 4092 natam
373 4044 515 4104 existimat,
539 4044 662 4107 legitque,
687 4045 809 4090 mmntsr.
848 4038 948 4087 Firmat
968 4044 1055 4084 autem
1076 4033 1220 4084 lec'trooern

120 4103 233 4155 Advers.
243 4119 301 4158 xrs.
313 4110 336 4158 1.
349 4107 434 4160 verbis
443 4107 557 4174 Virgilii,
567 4108 674 4159 Enim
686 4108 743 4156 1³³.
759 4103 902 4168 ‘Reginam
918 4100 1032 4152 thalamo
1046 4101 1221 4151 cunctantem
