<?xml version="1.0" encoding="UTF-8"?>
<!DOCTYPE html PUBLIC "-//W3C//DTD XHTML 1.0 Transitional//EN"
    "http://www.w3.org/TR/xhtml1/DTD/xhtml1-transitional.dtd">
<html xmlns="http://www.w3.org/1999/xhtml" xml:lang="en" lang="en">
 <head>
  <title>
</title>
<meta http-equiv="Content-Type" content="text/html;charset=utf-8" />
  <meta name='ocr-system' content='tesseract 3.04.00' />
  <meta name='ocr-capabilities' content='ocr_page ocr_carea ocr_par ocr_line ocrx_word'/>
</head>
<body>
  <div class='ocr_page' id='page_1' title='image "./comoedisex01westgoog_0050.png"; bbox 0 0 2678 4694; ppageno 0'>
   <div class='ocr_carea' id='block_1_1' title="bbox 375 283 1158 347">
    <p class='ocr_par' dir='ltr' id='par_1_1' title="bbox 375 283 1158 347">
     <span class='ocr_line' id='line_1_1' title="bbox 375 283 1158 347; baseline 0.004 -3"><span class='ocrx_word' id='word_1_1' title='bbox 375 297 545 345; x_wconf 80' lang='lat' dir='ltr'><strong>nuuucrrr</strong></span> <span class='ocrx_word' id='word_1_2' title='bbox 573 298 654 344; x_wconf 77' lang='lat' dir='ltr'><strong>ner.</strong></span> <span class='ocrx_word' id='word_1_3' title='bbox 680 298 711 344; x_wconf 92' lang='lat' dir='ltr'><strong>v.</strong></span> <span class='ocrx_word' id='word_1_4' title='bbox 736 298 788 346; x_wconf 87' lang='lat' dir='ltr'><strong>sc.</strong></span> <span class='ocrx_word' id='word_1_5' title='bbox 814 298 869 346; x_wconf 86' lang='lat' dir='ltr'><strong>rx.</strong></span> <span class='ocrx_word' id='word_1_6' title='bbox 899 299 917 306; x_wconf 75' lang='lat'><strong>·</strong></span> <span class='ocrx_word' id='word_1_7' title='bbox 1094 283 1158 347; x_wconf 76' lang='lat'><strong>537</strong></span> 
     </span>
    </p>
   </div>
   <div class='ocr_carea' id='block_1_2' title="bbox 60 439 1159 625">
    <p class='ocr_par' dir='ltr' id='par_1_2' title="bbox 60 439 1159 625">
     <span class='ocr_line' id='line_1_2' title="bbox 60 439 1159 522; baseline 0.003 -18"><span class='ocrx_word' id='word_1_8' title='bbox 60 442 131 506; x_wconf 77' lang='grc' dir='ltr'><strong>ΡΗ.</strong></span> <span class='ocrx_word' id='word_1_9' title='bbox 155 439 253 506; x_wconf 91' lang='lat' dir='ltr'><strong>Nihil</strong></span> <span class='ocrx_word' id='word_1_10' title='bbox 274 441 534 522; x_wconf 83' lang='lat' dir='ltr'><strong>praetermissum</strong></span> <span class='ocrx_word' id='word_1_11' title='bbox 557 448 619 507; x_wconf 86' lang='lat' dir='ltr'><strong>est.</strong></span> <span class='ocrx_word' id='word_1_12' title='bbox 650 442 702 506; x_wconf 88' lang='lat' dir='ltr'><strong>lte</strong></span> <span class='ocrx_word' id='word_1_13' title='bbox 722 442 797 507; x_wconf 88' lang='lat' dir='ltr'><strong>hac.</strong></span> <span class='ocrx_word' id='word_1_14' title='bbox 832 450 862 505; x_wconf 87' lang='grc' dir='ltr'><em>Ω</em></span> <span class='ocrx_word' id='word_1_15' title='bbox 884 441 959 506; x_wconf 87' lang='lat' dir='ltr'><strong>Vos</strong></span> <span class='ocrx_word' id='word_1_16' title='bbox 983 441 1102 520; x_wconf 83' lang='lat' dir='ltr'><strong>valete,</strong></span> <span class='ocrx_word' id='word_1_17' title='bbox 1125 446 1159 507; x_wconf 89' lang='lat' dir='ltr'><strong>et</strong></span> 
     </span>
     <span class='ocr_line' id='line_1_3' title="bbox 190 542 350 625; baseline -0.006 -20"><span class='ocrx_word' id='word_1_18' title='bbox 190 542 350 625; x_wconf 83' lang='lat' dir='ltr'>plaudite.</span> 
     </span>
    </p>
   </div>
   <div class='ocr_carea' id='block_1_3' title="bbox 384 662 836 713">
    <p class='ocr_par' dir='ltr' id='par_1_3' title="bbox 384 662 836 713">
     <span class='ocr_line' id='line_1_4' title="bbox 384 662 836 713; baseline 0.011 -5"><span class='ocrx_word' id='word_1_19' title='bbox 384 662 609 711; x_wconf 69' lang='lat' dir='ltr'><strong>conbinatos</strong></span> <span class='ocrx_word' id='word_1_20' title='bbox 635 663 836 713; x_wconf 70' lang='lat' dir='ltr'><strong>Rachousoi.</strong></span> 
     </span>
    </p>
   </div>
   <div class='ocr_carea' id='block_1_4' title="bbox 59 841 1159 905">
    <p class='ocr_par' dir='ltr' id='par_1_4' title="bbox 59 841 1159 905">
     <span class='ocr_line' id='line_1_5' title="bbox 59 841 1159 905; baseline 0.008 -17"><span class='ocrx_word' id='word_1_21' title='bbox 59 841 325 905; x_wconf 82' lang='lat' dir='ltr'><strong>onissunneotate,de</strong></span> <span class='ocrx_word' id='word_1_22' title='bbox 338 841 466 892; x_wconf 79' lang='lat' dir='ltr'><strong>Thrasonis</strong></span> <span class='ocrx_word' id='word_1_23' title='bbox 483 843 610 892; x_wconf 84' lang='lat' dir='ltr'><strong>uirtutibur</strong></span> <span class='ocrx_word' id='word_1_24' title='bbox 626 843 724 895; x_wconf 75' lang='lat' dir='ltr'><strong>rainer.</strong></span> <span class='ocrx_word' id='word_1_25' title='bbox 757 842 798 893; x_wconf 87' lang='lat' dir='ltr'><strong>Ita</strong></span> <span class='ocrx_word' id='word_1_26' title='bbox 813 843 856 893; x_wconf 83' lang='lat' dir='ltr'><strong>hae</strong></span> <span class='ocrx_word' id='word_1_27' title='bbox 872 858 959 894; x_wconf 90' lang='lat' dir='ltr'><strong>omues.</strong></span> <span class='ocrx_word' id='word_1_28' title='bbox 995 844 1041 895; x_wconf 84' lang='lat' dir='ltr'><strong>Vos</strong></span> <span class='ocrx_word' id='word_1_29' title='bbox 1051 848 1124 896; x_wconf 78' lang='lat' dir='ltr'><strong>talete</strong></span> <span class='ocrx_word' id='word_1_30' title='bbox 1135 851 1159 897; x_wconf 89' lang='lat' dir='ltr'><strong>et</strong></span> 
     </span>
    </p>
   </div>
   <div class='ocr_carea' id='block_1_5' title="bbox 56 906 170 967">
    <p class='ocr_par' dir='ltr' id='par_1_5' title="bbox 56 906 170 967">
     <span class='ocr_line' id='line_1_6' title="bbox 56 906 170 967; baseline -0.009 -13"><span class='ocrx_word' id='word_1_31' title='bbox 56 906 170 967; x_wconf 62' lang='lat' dir='ltr'><strong>paudite.</strong></span> 
     </span>
    </p>
   </div>
   <div class='ocr_carea' id='block_1_6' title="bbox 458 971 740 1036">
    <p class='ocr_par' dir='ltr' id='par_1_6' title="bbox 458 971 740 1036">
     <span class='ocr_line' id='line_1_7' title="bbox 458 971 740 1036; baseline 0 -16"><span class='ocrx_word' id='word_1_32' title='bbox 458 971 600 1036; x_wconf 86' lang='lat' dir='ltr'><strong>Calliopius</strong></span> <span class='ocrx_word' id='word_1_33' title='bbox 613 971 740 1023; x_wconf 86' lang='lat' dir='ltr'><strong>recensui.</strong></span> 
     </span>
    </p>
   </div>
   <div class='ocr_carea' id='block_1_7' title="bbox 521 1126 701 1148">
    <p class='ocr_par' dir='ltr' id='par_1_7' title="bbox 521 1126 701 1148">
     <span class='ocr_line' id='line_1_8' title="bbox 521 1126 701 1148; baseline 0.006 -2"><span class='ocrx_word' id='word_1_34' title='bbox 521 1126 670 1148; x_wconf 62' lang='lat' dir='ltr'><strong>OOOOOOO</strong></span> <span class='ocrx_word' id='word_1_35' title='bbox 671 1127 701 1147; x_wconf 68' lang='grc' dir='ltr'>Ν</span> 
     </span>
    </p>
   </div>
   <div class='ocr_carea' id='block_1_8' title="bbox 45 1228 1204 3414">
    <p class='ocr_par' dir='ltr' id='par_1_8' title="bbox 45 1228 1204 3414">
     <span class='ocr_line' id='line_1_9' title="bbox 59 1228 1158 1293; baseline 0.003 -15"><span class='ocrx_word' id='word_1_36' title='bbox 59 1228 153 1278; x_wconf 86' lang='lat' dir='ltr'><strong>Militis</strong></span> <span class='ocrx_word' id='word_1_37' title='bbox 174 1230 324 1291; x_wconf 78' lang='lat' dir='ltr'><strong>convenire,</strong></span> <span class='ocrx_word' id='word_1_38' title='bbox 343 1228 363 1278; x_wconf 87' lang='lat' dir='ltr'><strong>si</strong></span> <span class='ocrx_word' id='word_1_39' title='bbox 380 1229 495 1280; x_wconf 81' lang='lat' dir='ltr'><strong>Atticam</strong></span> <span class='ocrx_word' id='word_1_40' title='bbox 515 1230 671 1293; x_wconf 80' lang='lat' dir='ltr'><strong>elegantiam</strong></span> <span class='ocrx_word' id='word_1_41' title='bbox 692 1229 832 1293; x_wconf 79' lang='lat' dir='ltr'><strong>intelligas,</strong></span> <span class='ocrx_word' id='word_1_42' title='bbox 857 1244 905 1291; x_wconf 90' lang='lat' dir='ltr'><strong>pro</strong></span> <span class='ocrx_word' id='word_1_43' title='bbox 925 1229 1013 1292; x_wconf 80' lang='lat' dir='ltr'><strong>lepore</strong></span> <span class='ocrx_word' id='word_1_44' title='bbox 1033 1232 1158 1281; x_wconf 85' lang='lat' dir='ltr'><strong>sermonis</strong></span> 
     </span>
     <span class='ocr_line' id='line_1_10' title="bbox 59 1291 1159 1358; baseline 0.004 -16"><span class='ocrx_word' id='word_1_45' title='bbox 59 1294 153 1343; x_wconf 81' lang='lat' dir='ltr'><strong>Attici.</strong></span> <span class='ocrx_word' id='word_1_46' title='bbox 171 1294 218 1344; x_wconf 84' lang='lat' dir='ltr'><strong>Fa.</strong></span> <span class='ocrx_word' id='word_1_47' title='bbox 248 1295 337 1344; x_wconf 88' lang='lat' dir='ltr'><strong>Nostri</strong></span> <span class='ocrx_word' id='word_1_48' title='bbox 348 1310 435 1344; x_wconf 91' lang='lat' dir='ltr'><strong>omnes</strong></span> <span class='ocrx_word' id='word_1_49' title='bbox 444 1296 664 1358; x_wconf 87' lang='lat' dir='ltr'><strong>eloquentiamcum</strong></span> <span class='ocrx_word' id='word_1_50' title='bbox 676 1296 743 1344; x_wconf 77' lang='lat' dir='ltr'><strong>Edit.</strong></span> <span class='ocrx_word' id='word_1_51' title='bbox 756 1304 819 1344; x_wconf 89' lang='lat' dir='ltr'><strong>vett.</strong></span> <span class='ocrx_word' id='word_1_52' title='bbox 836 1291 910 1344; x_wconf 87' lang='lat' dir='ltr'><strong>Bent.</strong></span> <span class='ocrx_word' id='word_1_53' title='bbox 935 1296 1159 1346; x_wconf 83' lang='lat' dir='ltr'><strong>Pall.teatePar.</strong></span> 
     </span>
     <span class='ocr_line' id='line_1_11' title="bbox 59 1358 1204 1423; baseline 0.004 -17"><span class='ocrx_word' id='word_1_54' title='bbox 59 1358 225 1421; x_wconf 83' lang='lat' dir='ltr'><strong>eloquentiam.</strong></span> <span class='ocrx_word' id='word_1_55' title='bbox 247 1359 309 1409; x_wconf 90' lang='lat' dir='ltr'><strong>ltid.</strong></span> <span class='ocrx_word' id='word_1_56' title='bbox 324 1359 388 1408; x_wconf 89' lang='lat' dir='ltr'><strong>GM.</strong></span> <span class='ocrx_word' id='word_1_57' title='bbox 421 1360 452 1408; x_wconf 91' lang='lat' dir='ltr'><strong>In</strong></span> <span class='ocrx_word' id='word_1_58' title='bbox 471 1361 527 1408; x_wconf 93' lang='lat' dir='ltr'><strong>GC.</strong></span> <span class='ocrx_word' id='word_1_59' title='bbox 540 1358 608 1408; x_wconf 86' lang='lat' dir='ltr'><strong>saliit</strong></span> <span class='ocrx_word' id='word_1_60' title='bbox 630 1360 769 1423; x_wconf 86' lang='lat' dir='ltr'><strong>scriptura.</strong></span> <span class='ocrx_word' id='word_1_61' title='bbox 788 1361 854 1408; x_wconf 83' lang='lat' dir='ltr'><strong>Peri.</strong></span> <span class='ocrx_word' id='word_1_62' title='bbox 888 1360 928 1407; x_wconf 82' lang='lat' dir='ltr'><strong>Ex</strong></span> <span class='ocrx_word' id='word_1_63' title='bbox 951 1360 1062 1422; x_wconf 85' lang='lat' dir='ltr'><strong>antiquis</strong></span> <span class='ocrx_word' id='word_1_64' title='bbox 1080 1362 1159 1411; x_wconf 88' lang='lat' dir='ltr'><strong>codd.</strong></span> <span class='ocrx_word' id='word_1_65' title='bbox 1200 1384 1204 1391; x_wconf 94' lang='lat'><em>·</em></span> 
     </span>
     <span class='ocr_line' id='line_1_12' title="bbox 45 1422 1158 1488; baseline 0.003 -18"><span class='ocrx_word' id='word_1_66' title='bbox 45 1423 161 1471; x_wconf 85' lang='lat' dir='ltr'><strong>-rectina</strong></span> <span class='ocrx_word' id='word_1_67' title='bbox 171 1422 253 1471; x_wconf 84' lang='lat' dir='ltr'><strong>suasit</strong></span> <span class='ocrx_word' id='word_1_68' title='bbox 264 1422 356 1472; x_wconf 84' lang='lat' dir='ltr'><strong>Fa&#39;e&#39;rn.</strong></span> <span class='ocrx_word' id='word_1_69' title='bbox 373 1424 524 1486; x_wconf 76' lang='lat' dir='ltr'><strong>elegantiam.</strong></span> <span class='ocrx_word' id='word_1_70' title='bbox 539 1425 598 1485; x_wconf 88' lang='lat' dir='ltr'><strong>Bip.</strong></span> <span class='ocrx_word' id='word_1_71' title='bbox 623 1425 788 1486; x_wconf 77' lang='lat' dir='ltr'><strong>Eloquentiam</strong></span> <span class='ocrx_word' id='word_1_72' title='bbox 799 1424 845 1471; x_wconf 91' lang='lat' dir='ltr'><strong>Br.</strong></span> <span class='ocrx_word' id='word_1_73' title='bbox 869 1423 940 1471; x_wconf 86' lang='lat' dir='ltr'><strong>Vobis</strong></span> <span class='ocrx_word' id='word_1_74' title='bbox 950 1424 976 1472; x_wconf 86' lang='lat' dir='ltr'><strong>in</strong></span> <span class='ocrx_word' id='word_1_75' title='bbox 985 1425 1027 1471; x_wconf 81' lang='lat' dir='ltr'><strong>boc</strong></span> <span class='ocrx_word' id='word_1_76' title='bbox 1035 1438 1083 1472; x_wconf 87' lang='lat' dir='ltr'><strong>esse</strong></span> <span class='ocrx_word' id='word_1_77' title='bbox 1096 1426 1158 1488; x_wconf 92' lang='lat' dir='ltr'><strong>Bip.</strong></span> 
     </span>
     <span class='ocr_line' id='line_1_13' title="bbox 60 1486 1160 1551; baseline 0.005 -18"><span class='ocrx_word' id='word_1_78' title='bbox 60 1486 159 1550; x_wconf 85' lang='lat' dir='ltr'><strong>Delph.</strong></span> <span class='ocrx_word' id='word_1_79' title='bbox 193 1488 253 1536; x_wconf 84' lang='lat' dir='ltr'><strong>Esse</strong></span> <span class='ocrx_word' id='word_1_80' title='bbox 268 1502 315 1551; x_wconf 91' lang='lat' dir='ltr'><strong>pro</strong></span> <span class='ocrx_word' id='word_1_81' title='bbox 327 1488 401 1537; x_wconf 86' lang='lat' dir='ltr'><strong>inesse</strong></span> <span class='ocrx_word' id='word_1_82' title='bbox 418 1490 497 1537; x_wconf 88' lang='lat' dir='ltr'><strong>Bent.</strong></span> <span class='ocrx_word' id='word_1_83' title='bbox 514 1489 544 1537; x_wconf 85' lang='lat' dir='ltr'><strong>Z.</strong></span> <span class='ocrx_word' id='word_1_84' title='bbox 563 1489 640 1537; x_wconf 90' lang='lat' dir='ltr'><strong>Both.</strong></span> <span class='ocrx_word' id='word_1_85' title='bbox 659 1488 796 1536; x_wconf 80' lang='lat' dir='ltr'><strong>Peri-64</strong></span> <span class='ocrx_word' id='word_1_86' title='bbox 814 1488 865 1537; x_wconf 88' lang='lat' dir='ltr'><strong>Ms.</strong></span> <span class='ocrx_word' id='word_1_87' title='bbox 885 1488 958 1550; x_wconf 87' lang='lat' dir='ltr'><strong>Lips.</strong></span> <span class='ocrx_word' id='word_1_88' title='bbox 981 1488 1054 1537; x_wconf 82' lang='lat' dir='ltr'><strong>Nihil</strong></span> <span class='ocrx_word' id='word_1_89' title='bbox 1070 1495 1160 1550; x_wconf 78' lang='lat' dir='ltr'><strong>prater</strong></span> 
     </span>
     <span class='ocr_line' id='line_1_14' title="bbox 59 1551 1158 1616; baseline 0.002 -18"><span class='ocrx_word' id='word_1_90' title='bbox 59 1551 201 1613; x_wconf 63' lang='lat' dir='ltr'><strong>membrum</strong></span> <span class='ocrx_word' id='word_1_91' title='bbox 216 1556 253 1600; x_wconf 86' lang='lat' dir='ltr'><strong>est</strong></span> <span class='ocrx_word' id='word_1_92' title='bbox 263 1565 307 1601; x_wconf 84' lang='lat' dir='ltr'><strong>cro</strong></span> <span class='ocrx_word' id='word_1_93' title='bbox 322 1567 362 1600; x_wconf 81' lang='lat' dir='ltr'><strong>eos</strong></span> <span class='ocrx_word' id='word_1_94' title='bbox 372 1554 446 1601; x_wconf 88' lang='lat' dir='ltr'><strong>outete</strong></span> <span class='ocrx_word' id='word_1_95' title='bbox 460 1553 578 1616; x_wconf 77' lang='lat' dir='ltr'><strong>plaudite.</strong></span> <span class='ocrx_word' id='word_1_96' title='bbox 614 1552 744 1615; x_wconf 78' lang='lat' dir='ltr'><strong>calliopius</strong></span> <span class='ocrx_word' id='word_1_97' title='bbox 755 1553 868 1600; x_wconf 86' lang='lat' dir='ltr'><strong>recensui.</strong></span> <span class='ocrx_word' id='word_1_98' title='bbox 902 1551 1066 1600; x_wconf 87' lang='lat' dir='ltr'><strong>Leidenaium</strong></span> <span class='ocrx_word' id='word_1_99' title='bbox 1078 1567 1158 1600; x_wconf 85' lang='lat' dir='ltr'><strong>unus:</strong></span> 
     </span>
     <span class='ocr_line' id='line_1_15' title="bbox 60 1616 1162 1680; baseline 0.003 -17"><span class='ocrx_word' id='word_1_100' title='bbox 60 1616 226 1664; x_wconf 77' lang='lat' dir='ltr'><strong>umeoulete·</strong></span> <span class='ocrx_word' id='word_1_101' title='bbox 258 1617 438 1678; x_wconf 88' lang='lat' dir='ltr'><strong>Mss.plurimi</strong></span> <span class='ocrx_word' id='word_1_102' title='bbox 457 1617 558 1680; x_wconf 76' lang='lat' dir='ltr'><strong>legunt,</strong></span> <span class='ocrx_word' id='word_1_103' title='bbox 575 1623 605 1666; x_wconf 89' lang='lat' dir='ltr'><strong>nt</strong></span> <span class='ocrx_word' id='word_1_104' title='bbox 624 1616 702 1665; x_wconf 87' lang='lat' dir='ltr'><strong>edidi.</strong></span> <span class='ocrx_word' id='word_1_105' title='bbox 736 1617 764 1665; x_wconf 87' lang='lat' dir='ltr'><strong>Si</strong></span> <span class='ocrx_word' id='word_1_106' title='bbox 785 1631 842 1666; x_wconf 89' lang='lat' dir='ltr'><strong>cam</strong></span> <span class='ocrx_word' id='word_1_107' title='bbox 862 1617 967 1665; x_wconf 78' lang='lat' dir='ltr'><strong>Murato</strong></span> <span class='ocrx_word' id='word_1_108' title='bbox 990 1623 1017 1665; x_wconf 90' lang='lat' dir='ltr'><strong>et</strong></span> <span class='ocrx_word' id='word_1_109' title='bbox 1034 1617 1162 1666; x_wconf 73' lang='lat' dir='ltr'><strong>Fabriciis</strong></span> 
     </span>
     <span class='ocr_line' id='line_1_16' title="bbox 59 1679 1160 1745; baseline 0.004 -18"><span class='ocrx_word' id='word_1_110' title='bbox 59 1679 143 1742; x_wconf 79' lang='lat' dir='ltr'><strong>legas,</strong></span> <span class='ocrx_word' id='word_1_111' title='bbox 160 1679 233 1727; x_wconf 86' lang='lat' dir='ltr'><strong>Nihil</strong></span> <span class='ocrx_word' id='word_1_112' title='bbox 242 1681 530 1743; x_wconf 66' lang='lat' dir='ltr'><strong>moetmpromirrumeat,</strong></span> <span class='ocrx_word' id='word_1_113' title='bbox 547 1681 671 1730; x_wconf 75' lang='lat' dir='ltr'><strong>Phaedria</strong></span> <span class='ocrx_word' id='word_1_114' title='bbox 683 1695 730 1742; x_wconf 87' lang='lat' dir='ltr'><strong>per</strong></span> <span class='ocrx_word' id='word_1_115' title='bbox 743 1681 832 1742; x_wconf 87' lang='lat' dir='ltr'><strong>jocum</strong></span> <span class='ocrx_word' id='word_1_116' title='bbox 852 1679 1015 1729; x_wconf 86' lang='lat' dir='ltr'><strong>confirmabit</strong></span> <span class='ocrx_word' id='word_1_117' title='bbox 1032 1680 1069 1740; x_wconf 85' lang='lat' dir='ltr'><strong>id,</strong></span> <span class='ocrx_word' id='word_1_118' title='bbox 1090 1682 1160 1745; x_wconf 91' lang='lat' dir='ltr'><strong>quod</strong></span> 
     </span>
     <span class='ocr_line' id='line_1_17' title="bbox 60 1743 1161 1808; baseline 0.002 -16"><span class='ocrx_word' id='word_1_119' title='bbox 60 1744 92 1792; x_wconf 88' lang='lat' dir='ltr'><strong>de</strong></span> <span class='ocrx_word' id='word_1_120' title='bbox 101 1744 240 1792; x_wconf 73' lang='lat' dir='ltr'><strong>Thrasone</strong></span> <span class='ocrx_word' id='word_1_121' title='bbox 251 1743 354 1794; x_wconf 79' lang='lat' dir='ltr'><strong>dixerat</strong></span> <span class='ocrx_word' id='word_1_122' title='bbox 365 1745 478 1795; x_wconf 86' lang='lat' dir='ltr'><strong>Gnatho·</strong></span> <span class='ocrx_word' id='word_1_123' title='bbox 499 1745 586 1808; x_wconf 86' lang='lat' dir='ltr'><strong>Atque</strong></span> <span class='ocrx_word' id='word_1_124' title='bbox 598 1745 635 1793; x_wconf 87' lang='lat' dir='ltr'><strong>ita</strong></span> <span class='ocrx_word' id='word_1_125' title='bbox 648 1744 788 1794; x_wconf 88' lang='lat' dir='ltr'><strong>ediderunt</strong></span> <span class='ocrx_word' id='word_1_126' title='bbox 798 1745 945 1805; x_wconf 59' lang='lat' dir='ltr'><strong>Jnntaean.</strong></span> <span class='ocrx_word' id='word_1_127' title='bbox 958 1744 1161 1808; x_wconf 75' lang='lat' dir='ltr'><strong>Raphalengios,</strong></span> 
     </span>
     <span class='ocr_line' id='line_1_18' title="bbox 61 1808 1162 1874; baseline 0.004 -19"><span class='ocrx_word' id='word_1_128' title='bbox 61 1809 112 1856; x_wconf 84' lang='lat' dir='ltr'><strong>alii.</strong></span> <span class='ocrx_word' id='word_1_129' title='bbox 147 1808 186 1856; x_wconf 87' lang='lat' dir='ltr'><strong>lte</strong></span> <span class='ocrx_word' id='word_1_130' title='bbox 195 1808 255 1856; x_wconf 83' lang='lat' dir='ltr'><strong>bac:</strong></span> <span class='ocrx_word' id='word_1_131' title='bbox 273 1809 329 1859; x_wconf 85' lang='grc' dir='ltr'><strong>ΕΡ.</strong></span> <span class='ocrx_word' id='word_1_132' title='bbox 346 1809 385 1858; x_wconf 86' lang='lat' dir='ltr'><strong>Ite</strong></span> <span class='ocrx_word' id='word_1_133' title='bbox 395 1810 448 1859; x_wconf 83' lang='lat' dir='ltr'><strong>ttae.</strong></span> <span class='ocrx_word' id='word_1_134' title='bbox 458 1827 476 1857; x_wconf 82' lang='lat' dir='ltr'><strong>u</strong></span> <span class='ocrx_word' id='word_1_135' title='bbox 487 1811 606 1858; x_wconf 84' lang='lat' dir='ltr'><strong>oosoalete</strong></span> <span class='ocrx_word' id='word_1_136' title='bbox 616 1811 731 1872; x_wconf 77' lang='lat' dir='ltr'><strong>plaudite.</strong></span> <span class='ocrx_word' id='word_1_137' title='bbox 764 1810 840 1860; x_wconf 83' lang='lat' dir='ltr'><strong>Quod</strong></span> <span class='ocrx_word' id='word_1_138' title='bbox 851 1823 911 1858; x_wconf 84' lang='lat' dir='ltr'><strong>vero</strong></span> <span class='ocrx_word' id='word_1_139' title='bbox 928 1811 954 1858; x_wconf 92' lang='lat' dir='ltr'><strong>in</strong></span> <span class='ocrx_word' id='word_1_140' title='bbox 967 1809 1117 1874; x_wconf 86' lang='lat' dir='ltr'><strong>quibusdam</strong></span> <span class='ocrx_word' id='word_1_141' title='bbox 1131 1811 1162 1860; x_wconf 89' lang='lat' dir='ltr'><strong>li·</strong></span> 
     </span>
     <span class='ocr_line' id='line_1_19' title="bbox 61 1871 1162 1937; baseline 0.005 -20"><span class='ocrx_word' id='word_1_142' title='bbox 61 1871 115 1920; x_wconf 89' lang='lat' dir='ltr'><strong>bris</strong></span> <span class='ocrx_word' id='word_1_143' title='bbox 132 1872 275 1934; x_wconf 82' lang='lat' dir='ltr'><strong>legeretur,</strong></span> <span class='ocrx_word' id='word_1_144' title='bbox 290 1872 329 1922; x_wconf 89' lang='lat' dir='ltr'><strong>Ite</strong></span> <span class='ocrx_word' id='word_1_145' title='bbox 345 1873 390 1922; x_wconf 86' lang='lat' dir='ltr'><strong>ltac</strong></span> <span class='ocrx_word' id='word_1_146' title='bbox 406 1889 420 1921; x_wconf 95' lang='lat' dir='ltr'><strong>o</strong></span> <span class='ocrx_word' id='word_1_147' title='bbox 434 1888 476 1922; x_wconf 86' lang='lat' dir='ltr'><strong>one</strong></span> <span class='ocrx_word' id='word_1_148' title='bbox 492 1876 568 1922; x_wconf 79' lang='lat' dir='ltr'><strong>valete</strong></span> <span class='ocrx_word' id='word_1_149' title='bbox 583 1879 606 1922; x_wconf 89' lang='lat' dir='ltr'><strong>et</strong></span> <span class='ocrx_word' id='word_1_150' title='bbox 616 1875 730 1937; x_wconf 79' lang='lat' dir='ltr'><strong>plaudite,</strong></span> <span class='ocrx_word' id='word_1_151' title='bbox 740 1873 801 1922; x_wconf 88' lang='lat' dir='ltr'><strong>inde</strong></span> <span class='ocrx_word' id='word_1_152' title='bbox 812 1879 901 1923; x_wconf 89' lang='lat' dir='ltr'><strong>natum</strong></span> <span class='ocrx_word' id='word_1_153' title='bbox 913 1883 1029 1922; x_wconf 87' lang='lat' dir='ltr'><strong>autumat</strong></span> <span class='ocrx_word' id='word_1_154' title='bbox 1041 1874 1074 1924; x_wconf 92' lang='lat' dir='ltr'><strong>G.</strong></span> <span class='ocrx_word' id='word_1_155' title='bbox 1082 1875 1111 1924; x_wconf 87' lang='lat' dir='ltr'><strong>F.</strong></span> <span class='ocrx_word' id='word_1_156' title='bbox 1123 1874 1162 1924; x_wconf 86' lang='lat' dir='ltr'><strong>lte</strong></span> 
     </span>
     <span class='ocr_line' id='line_1_20' title="bbox 61 1936 1161 2000; baseline 0.004 -16"><span class='ocrx_word' id='word_1_157' title='bbox 61 1937 203 1995; x_wconf 74' lang='lat' dir='ltr'><strong>meumes,</strong></span> <span class='ocrx_word' id='word_1_158' title='bbox 221 1936 288 1999; x_wconf 89' lang='lat' dir='ltr'><strong>quod</strong></span> <span class='ocrx_word' id='word_1_159' title='bbox 300 1943 340 1987; x_wconf 89' lang='lat' dir='ltr'><strong>est</strong></span> <span class='ocrx_word' id='word_1_160' title='bbox 351 1938 376 1984; x_wconf 89' lang='lat' dir='ltr'><strong>in</strong></span> <span class='ocrx_word' id='word_1_161' title='bbox 389 1937 539 2000; x_wconf 87' lang='lat' dir='ltr'><strong>quibusdam</strong></span> <span class='ocrx_word' id='word_1_162' title='bbox 557 1939 622 1986; x_wconf 89' lang='lat' dir='ltr'><strong>Mss.</strong></span> <span class='ocrx_word' id='word_1_163' title='bbox 640 1946 667 1986; x_wconf 88' lang='lat' dir='ltr'><strong>et</strong></span> <span class='ocrx_word' id='word_1_164' title='bbox 686 1938 772 1988; x_wconf 87' lang='lat' dir='ltr'><strong>editis.</strong></span> <span class='ocrx_word' id='word_1_165' title='bbox 793 1939 868 1988; x_wconf 84' lang='lat' dir='ltr'><strong>Weot.</strong></span> <span class='ocrx_word' id='word_1_166' title='bbox 903 1937 937 1987; x_wconf 92' lang='lat' dir='ltr'><strong>G.</strong></span> <span class='ocrx_word' id='word_1_167' title='bbox 956 1939 1001 1987; x_wconf 86' lang='lat' dir='ltr'><strong>illa</strong></span> <span class='ocrx_word' id='word_1_168' title='bbox 1016 1937 1078 1986; x_wconf 90' lang='lat' dir='ltr'><strong>‘Ite</strong></span> <span class='ocrx_word' id='word_1_169' title='bbox 1096 1937 1161 1988; x_wconf 86' lang='lat' dir='ltr'><strong>hac’</strong></span> 
     </span>
     <span class='ocr_line' id='line_1_21' title="bbox 62 1998 1163 2064; baseline 0.003 -15"><span class='ocrx_word' id='word_1_170' title='bbox 62 1998 196 2049; x_wconf 82' lang='lat' dir='ltr'><strong>Gnathoni</strong></span> <span class='ocrx_word' id='word_1_171' title='bbox 207 2000 299 2049; x_wconf 87' lang='lat' dir='ltr'><strong>tribuit</strong></span> <span class='ocrx_word' id='word_1_172' title='bbox 311 2016 320 2061; x_wconf 80' lang='lat'><em>3</em></span> <span class='ocrx_word' id='word_1_173' title='bbox 334 2001 398 2050; x_wconf 86' lang='lat' dir='ltr'><strong>‘sed</strong></span> <span class='ocrx_word' id='word_1_174' title='bbox 411 2006 439 2049; x_wconf 87' lang='lat' dir='ltr'><strong>et</strong></span> <span class='ocrx_word' id='word_1_175' title='bbox 450 2003 503 2050; x_wconf 82' lang='lat' dir='ltr'><strong>ET.</strong></span> <span class='ocrx_word' id='word_1_176' title='bbox 515 2003 578 2051; x_wconf 87' lang='lat' dir='ltr'><strong>EM.</strong></span> <span class='ocrx_word' id='word_1_177' title='bbox 595 2002 625 2049; x_wconf 85' lang='lat' dir='ltr'><strong>ld</strong></span> <span class='ocrx_word' id='word_1_178' title='bbox 636 2004 661 2050; x_wconf 91' lang='lat' dir='ltr'><strong>in</strong></span> <span class='ocrx_word' id='word_1_179' title='bbox 677 2001 740 2050; x_wconf 79' lang='lat' dir='ltr'><strong>Add.</strong></span> <span class='ocrx_word' id='word_1_180' title='bbox 758 2002 830 2050; x_wconf 81' lang='lat' dir='ltr'><strong>Nihil</strong></span> <span class='ocrx_word' id='word_1_181' title='bbox 847 2003 1031 2064; x_wconf 78' lang='lat' dir='ltr'><strong>pretermissum</strong></span> <span class='ocrx_word' id='word_1_182' title='bbox 1045 2007 1089 2051; x_wconf 83' lang='lat' dir='ltr'><strong>est.</strong></span> <span class='ocrx_word' id='word_1_183' title='bbox 1124 2003 1163 2052; x_wconf 87' lang='lat' dir='ltr'><strong>lte</strong></span> 
     </span>
     <span class='ocr_line' id='line_1_22' title="bbox 62 2064 1161 2128; baseline 0.002 -15"><span class='ocrx_word' id='word_1_184' title='bbox 62 2067 105 2114; x_wconf 81' lang='lat' dir='ltr'><strong>lenc</strong></span> <span class='ocrx_word' id='word_1_185' title='bbox 123 2079 213 2114; x_wconf 83' lang='lat' dir='ltr'><strong>omnes.</strong></span> <span class='ocrx_word' id='word_1_186' title='bbox 251 2064 298 2114; x_wconf 83' lang='lat' dir='ltr'><strong>Vos</strong></span> <span class='ocrx_word' id='word_1_187' title='bbox 306 2067 414 2115; x_wconf 86' lang='lat' dir='ltr'><strong>oaleteet</strong></span> <span class='ocrx_word' id='word_1_188' title='bbox 426 2065 544 2128; x_wconf 77' lang='lat' dir='ltr'><strong>pbtudite]</strong></span> <span class='ocrx_word' id='word_1_189' title='bbox 561 2066 653 2115; x_wconf 90' lang='lat' dir='ltr'><strong>Nullus</strong></span> <span class='ocrx_word' id='word_1_190' title='bbox 671 2067 774 2115; x_wconf 88' lang='lat' dir='ltr'><strong>omnino</strong></span> <span class='ocrx_word' id='word_1_191' title='bbox 796 2066 862 2114; x_wconf 91' lang='lat' dir='ltr'><strong>liber</strong></span> <span class='ocrx_word' id='word_1_192' title='bbox 879 2067 991 2128; x_wconf 89' lang='lat' dir='ltr'><strong>scriptus</strong></span> <span class='ocrx_word' id='word_1_193' title='bbox 1006 2066 1084 2114; x_wconf 90' lang='lat' dir='ltr'><strong>habet</strong></span> <span class='ocrx_word' id='word_1_194' title='bbox 1107 2066 1161 2115; x_wconf 89' lang='lat' dir='ltr'><strong>dic·</strong></span> 
     </span>
     <span class='ocr_line' id='line_1_23' title="bbox 64 2129 1164 2193; baseline 0.001 -15"><span class='ocrx_word' id='word_1_195' title='bbox 64 2131 163 2178; x_wconf 89' lang='lat' dir='ltr'><strong>tionem</strong></span> <span class='ocrx_word' id='word_1_196' title='bbox 179 2143 278 2186; x_wconf 59' lang='lat' dir='ltr'><strong>onmem</strong></span> <span class='ocrx_word' id='word_1_197' title='bbox 294 2145 345 2193; x_wconf 88' lang='lat' dir='ltr'><strong>qua</strong></span> <span class='ocrx_word' id='word_1_198' title='bbox 354 2129 452 2191; x_wconf 86' lang='lat' dir='ltr'><strong>demta,</strong></span> <span class='ocrx_word' id='word_1_199' title='bbox 468 2144 518 2178; x_wconf 89' lang='lat' dir='ltr'><strong>non</strong></span> <span class='ocrx_word' id='word_1_200' title='bbox 530 2138 692 2179; x_wconf 86' lang='lat' dir='ltr'><strong>stat-uersus.</strong></span> <span class='ocrx_word' id='word_1_201' title='bbox 726 2129 833 2192; x_wconf 85' lang='lat' dir='ltr'><strong>Antiqui</strong></span> <span class='ocrx_word' id='word_1_202' title='bbox 845 2144 932 2178; x_wconf 85' lang='lat' dir='ltr'><strong>omnes</strong></span> <span class='ocrx_word' id='word_1_203' title='bbox 944 2130 1010 2178; x_wconf 88' lang='lat' dir='ltr'><strong>hanc</strong></span> <span class='ocrx_word' id='word_1_204' title='bbox 1027 2129 1164 2192; x_wconf 87' lang='lat' dir='ltr'><strong>continent</strong></span> 
     </span>
     <span class='ocr_line' id='line_1_24' title="bbox 62 2193 1163 2258; baseline 0.003 -17"><span class='ocrx_word' id='word_1_205' title='bbox 62 2193 215 2255; x_wconf 87' lang='lat' dir='ltr'><strong>lectionem,</strong></span> <span class='ocrx_word' id='word_1_206' title='bbox 233 2193 303 2242; x_wconf 82' lang='lat' dir='ltr'><strong>Nihil</strong></span> <span class='ocrx_word' id='word_1_207' title='bbox 318 2198 407 2258; x_wconf 79' lang='lat' dir='ltr'><strong>prater</strong></span> <span class='ocrx_word' id='word_1_208' title='bbox 420 2195 560 2256; x_wconf 79' lang='lat' dir='ltr'><strong>pronianum</strong></span> <span class='ocrx_word' id='word_1_209' title='bbox 575 2199 618 2242; x_wconf 83' lang='lat' dir='ltr'><strong>ent.</strong></span> <span class='ocrx_word' id='word_1_210' title='bbox 651 2195 690 2242; x_wconf 86' lang='lat' dir='ltr'><strong>Ite</strong></span> <span class='ocrx_word' id='word_1_211' title='bbox 709 2194 762 2242; x_wconf 83' lang='lat' dir='ltr'><strong>hae.</strong></span> <span class='ocrx_word' id='word_1_212' title='bbox 798 2193 844 2241; x_wconf 87' lang='lat' dir='ltr'><strong>Vos</strong></span> <span class='ocrx_word' id='word_1_213' title='bbox 855 2195 930 2242; x_wconf 78' lang='lat' dir='ltr'><strong>talete</strong></span> <span class='ocrx_word' id='word_1_214' title='bbox 941 2199 963 2241; x_wconf 86' lang='lat' dir='ltr'><strong>el</strong></span> <span class='ocrx_word' id='word_1_215' title='bbox 974 2193 1095 2255; x_wconf 83' lang='lat' dir='ltr'><strong>plaudite:</strong></span> <span class='ocrx_word' id='word_1_216' title='bbox 1112 2209 1163 2258; x_wconf 90' lang='lat' dir='ltr'><strong>quo</strong></span> 
     </span>
     <span class='ocr_line' id='line_1_25' title="bbox 62 2256 1163 2322; baseline 0.002 -16"><span class='ocrx_word' id='word_1_217' title='bbox 62 2257 168 2322; x_wconf 88' lang='lat' dir='ltr'><strong>quidem</strong></span> <span class='ocrx_word' id='word_1_218' title='bbox 178 2256 255 2306; x_wconf 90' lang='lat' dir='ltr'><strong>modo</strong></span> <span class='ocrx_word' id='word_1_219' title='bbox 266 2271 355 2307; x_wconf 83' lang='lat' dir='ltr'><strong>versus</strong></span> <span class='ocrx_word' id='word_1_220' title='bbox 366 2265 500 2307; x_wconf 86' lang='lat' dir='ltr'><strong>eontracta</strong></span> <span class='ocrx_word' id='word_1_221' title='bbox 512 2258 628 2307; x_wconf 87' lang='lat' dir='ltr'><strong>dictione</strong></span> <span class='ocrx_word' id='word_1_222' title='bbox 644 2259 652 2285; x_wconf 87' lang='lat'>‘</span> <span class='ocrx_word' id='word_1_223' title='bbox 664 2257 752 2306; x_wconf 90' lang='lat' dir='ltr'><strong>Nihil&#39;</strong></span> <span class='ocrx_word' id='word_1_224' title='bbox 770 2257 794 2304; x_wconf 89' lang='lat' dir='ltr'><strong>in</strong></span> <span class='ocrx_word' id='word_1_225' title='bbox 806 2272 882 2306; x_wconf 90' lang='lat' dir='ltr'><strong>unam</strong></span> <span class='ocrx_word' id='word_1_226' title='bbox 899 2257 1034 2320; x_wconf 86' lang='lat' dir='ltr'><strong>syllabam,</strong></span> <span class='ocrx_word' id='word_1_227' title='bbox 1050 2257 1163 2321; x_wconf 84' lang='lat' dir='ltr'><strong>optimus</strong></span> 
     </span>
     <span class='ocr_line' id='line_1_26' title="bbox 63 2321 1163 2386; baseline 0.002 -16"><span class='ocrx_word' id='word_1_228' title='bbox 63 2329 104 2371; x_wconf 91' lang='lat' dir='ltr'><strong>est</strong></span> <span class='ocrx_word' id='word_1_229' title='bbox 117 2321 276 2371; x_wconf 85' lang='lat' dir='ltr'><strong>trochaicus.</strong></span> <span class='ocrx_word' id='word_1_230' title='bbox 288 2322 375 2384; x_wconf 89' lang='lat' dir='ltr'><strong>Nunc,</strong></span> <span class='ocrx_word' id='word_1_231' title='bbox 384 2322 427 2386; x_wconf 87' lang='lat' dir='ltr'><strong>qui</strong></span> <span class='ocrx_word' id='word_1_232' title='bbox 436 2323 566 2371; x_wconf 87' lang='lat' dir='ltr'><strong>sithornm</strong></span> <span class='ocrx_word' id='word_1_233' title='bbox 579 2322 714 2370; x_wconf 84' lang='lat' dir='ltr'><strong>verborum</strong></span> <span class='ocrx_word' id='word_1_234' title='bbox 727 2336 826 2383; x_wconf 89' lang='lat' dir='ltr'><strong>sensus,</strong></span> <span class='ocrx_word' id='word_1_235' title='bbox 836 2321 975 2370; x_wconf 85' lang='lat' dir='ltr'><strong>videndum</strong></span> <span class='ocrx_word' id='word_1_236' title='bbox 988 2330 1045 2370; x_wconf 72' lang='lat' dir='ltr'><strong>esti</strong></span> <span class='ocrx_word' id='word_1_237' title='bbox 1064 2329 1163 2385; x_wconf 89' lang='lat' dir='ltr'><strong>etputo</strong></span> 
     </span>
     <span class='ocr_line' id='line_1_27' title="bbox 63 2386 1163 2450; baseline 0.003 -16"><span class='ocrx_word' id='word_1_238' title='bbox 63 2388 131 2436; x_wconf 89' lang='lat' dir='ltr'><strong>hune</strong></span> <span class='ocrx_word' id='word_1_239' title='bbox 144 2393 252 2447; x_wconf 89' lang='lat' dir='ltr'><strong>esse,ut</strong></span> <span class='ocrx_word' id='word_1_240' title='bbox 262 2386 431 2450; x_wconf 76' lang='lat' dir='ltr'><strong>interroganti</strong></span> <span class='ocrx_word' id='word_1_241' title='bbox 444 2386 585 2445; x_wconf 84' lang='lat' dir='ltr'><strong>Gnathoni,</strong></span> <span class='ocrx_word' id='word_1_242' title='bbox 602 2386 701 2434; x_wconf 83' lang='lat' dir='ltr'><strong>‘Dixin</strong></span> <span class='ocrx_word' id='word_1_243' title='bbox 714 2400 761 2446; x_wconf 77' lang='lat' dir='ltr'><strong>ego</strong></span> <span class='ocrx_word' id='word_1_244' title='bbox 773 2387 799 2434; x_wconf 92' lang='lat' dir='ltr'><strong>in</strong></span> <span class='ocrx_word' id='word_1_245' title='bbox 811 2387 859 2434; x_wconf 89' lang='lat' dir='ltr'><strong>hoc</strong></span> <span class='ocrx_word' id='word_1_246' title='bbox 879 2400 934 2434; x_wconf 86' lang='lat' dir='ltr'><strong>esse</strong></span> <span class='ocrx_word' id='word_1_247' title='bbox 953 2386 1024 2435; x_wconf 84' lang='lat' dir='ltr'><strong>vobit</strong></span> <span class='ocrx_word' id='word_1_248' title='bbox 1044 2386 1163 2438; x_wconf 85' lang='lat' dir='ltr'><strong>Atticam</strong></span> 
     </span>
     <span class='ocr_line' id='line_1_28' title="bbox 64 2448 1163 2515; baseline 0.002 -17"><span class='ocrx_word' id='word_1_249' title='bbox 64 2448 242 2514; x_wconf 83' lang='lat' dir='ltr'><strong>elegantiam,’</strong></span> <span class='ocrx_word' id='word_1_250' title='bbox 259 2450 316 2514; x_wconf 89' lang='lat' dir='ltr'><strong>plus</strong></span> <span class='ocrx_word' id='word_1_251' title='bbox 331 2450 488 2514; x_wconf 87' lang='lat' dir='ltr'><strong>respondeat</strong></span> <span class='ocrx_word' id='word_1_252' title='bbox 499 2450 632 2512; x_wconf 81' lang='lat' dir='ltr'><strong>Phaedria,</strong></span> <span class='ocrx_word' id='word_1_253' title='bbox 644 2450 764 2511; x_wconf 88' lang='lat' dir='ltr'><strong>dicendo,</strong></span> <span class='ocrx_word' id='word_1_254' title='bbox 782 2450 853 2498; x_wconf 82' lang='lat' dir='ltr'><strong>Nihil</strong></span> <span class='ocrx_word' id='word_1_255' title='bbox 866 2456 955 2513; x_wconf 78' lang='lat' dir='ltr'><strong>prater</strong></span> <span class='ocrx_word' id='word_1_256' title='bbox 970 2451 1109 2512; x_wconf 84' lang='lat' dir='ltr'><strong>promissum</strong></span> <span class='ocrx_word' id='word_1_257' title='bbox 1118 2457 1163 2515; x_wconf 83' lang='lat' dir='ltr'><strong>eol,</strong></span> 
     </span>
     <span class='ocr_line' id='line_1_29' title="bbox 64 2514 1164 2580; baseline 0.001 -16"><span class='ocrx_word' id='word_1_258' title='bbox 64 2530 141 2580; x_wconf 87' lang='lat' dir='ltr'><strong>quarn</strong></span> <span class='ocrx_word' id='word_1_259' title='bbox 154 2515 176 2563; x_wconf 94' lang='lat' dir='ltr'><strong>si</strong></span> <span class='ocrx_word' id='word_1_260' title='bbox 188 2515 369 2578; x_wconf 87' lang='lat' dir='ltr'><strong>responderet,</strong></span> <span class='ocrx_word' id='word_1_261' title='bbox 383 2515 499 2563; x_wconf 78' lang='lat' dir='ltr'><strong>‘Dixisti</strong></span> <span class='ocrx_word' id='word_1_262' title='bbox 508 2514 525 2565; x_wconf 67' lang='grc' dir='ltr'><strong>τ’</strong></span> <span class='ocrx_word' id='word_1_263' title='bbox 544 2515 653 2564; x_wconf 88' lang='lat' dir='ltr'><strong>dicendo</strong></span> <span class='ocrx_word' id='word_1_264' title='bbox 664 2515 733 2563; x_wconf 86' lang='lat' dir='ltr'><strong>enim</strong></span> <span class='ocrx_word' id='word_1_265' title='bbox 744 2514 806 2562; x_wconf 88' lang='lat' dir='ltr'><strong>nitrii</strong></span> <span class='ocrx_word' id='word_1_266' title='bbox 814 2522 902 2577; x_wconf 80' lang='lat' dir='ltr'><strong>prater</strong></span> <span class='ocrx_word' id='word_1_267' title='bbox 910 2515 1051 2577; x_wconf 83' lang='lat' dir='ltr'><strong>promissum</strong></span> <span class='ocrx_word' id='word_1_268' title='bbox 1070 2521 1114 2579; x_wconf 88' lang='lat' dir='ltr'><strong>ert,</strong></span> <span class='ocrx_word' id='word_1_269' title='bbox 1135 2525 1164 2566; x_wconf 92' lang='lat' dir='ltr'><strong>et</strong></span> 
     </span>
     <span class='ocr_line' id='line_1_30' title="bbox 65 2578 1162 2642; baseline 0 -13"><span class='ocrx_word' id='word_1_270' title='bbox 65 2580 233 2629; x_wconf 85' lang='lat' dir='ltr'><strong>Gnathonem</strong></span> <span class='ocrx_word' id='word_1_271' title='bbox 253 2578 408 2642; x_wconf 85' lang='lat' dir='ltr'><strong>promisisse,</strong></span> <span class='ocrx_word' id='word_1_272' title='bbox 429 2585 458 2628; x_wconf 88' lang='lat' dir='ltr'><strong>et</strong></span> <span class='ocrx_word' id='word_1_273' title='bbox 477 2579 634 2629; x_wconf 73' lang='lat' dir='ltr'><strong>Thrasonem</strong></span> <span class='ocrx_word' id='word_1_274' title='bbox 650 2586 775 2642; x_wconf 81' lang='lat' dir='ltr'><strong>praestare</strong></span> <span class='ocrx_word' id='word_1_275' title='bbox 798 2578 941 2641; x_wconf 78' lang='lat' dir='ltr'><strong>significat:</strong></span> <span class='ocrx_word' id='word_1_276' title='bbox 967 2579 988 2626; x_wconf 88' lang='lat' dir='ltr'><strong>si</strong></span> <span class='ocrx_word' id='word_1_277' title='bbox 1011 2579 1077 2627; x_wconf 85' lang='lat' dir='ltr'><strong>eninr</strong></span> <span class='ocrx_word' id='word_1_278' title='bbox 1099 2580 1162 2629; x_wconf 88' lang='lat' dir='ltr'><strong>nihil</strong></span> 
     </span>
     <span class='ocr_line' id='line_1_31' title="bbox 66 2642 1163 2706; baseline 0.002 -14"><span class='ocrx_word' id='word_1_279' title='bbox 66 2651 164 2706; x_wconf 77' lang='lat' dir='ltr'><strong>prater</strong></span> <span class='ocrx_word' id='word_1_280' title='bbox 183 2643 334 2706; x_wconf 86' lang='lat' dir='ltr'><strong>promissum</strong></span> <span class='ocrx_word' id='word_1_281' title='bbox 352 2650 403 2702; x_wconf 88' lang='lat' dir='ltr'><strong>est,</strong></span> <span class='ocrx_word' id='word_1_282' title='bbox 420 2658 483 2706; x_wconf 79' lang='lat' dir='ltr'><strong>ergo</strong></span> <span class='ocrx_word' id='word_1_283' title='bbox 505 2644 592 2693; x_wconf 88' lang='lat' dir='ltr'><strong>omnia</strong></span> <span class='ocrx_word' id='word_1_284' title='bbox 612 2650 672 2692; x_wconf 86' lang='lat' dir='ltr'><strong>sunt</strong></span> <span class='ocrx_word' id='word_1_285' title='bbox 691 2652 720 2691; x_wconf 88' lang='lat' dir='ltr'><strong>ut</strong></span> <span class='ocrx_word' id='word_1_286' title='bbox 737 2643 864 2705; x_wconf 87' lang='lat' dir='ltr'><strong>promissa</strong></span> <span class='ocrx_word' id='word_1_287' title='bbox 880 2650 950 2691; x_wconf 89' lang='lat' dir='ltr'><strong>sunt.</strong></span> <span class='ocrx_word' id='word_1_288' title='bbox 983 2643 1049 2692; x_wconf 88' lang='lat' dir='ltr'><strong>Sane</strong></span> <span class='ocrx_word' id='word_1_289' title='bbox 1062 2642 1163 2694; x_wconf 91' lang='lat' dir='ltr'><strong>inlibro</strong></span> 
     </span>
     <span class='ocr_line' id='line_1_32' title="bbox 64 2707 1163 2772; baseline 0.001 -16"><span class='ocrx_word' id='word_1_290' title='bbox 64 2707 221 2758; x_wconf 80' lang='lat' dir='ltr'><strong>Victoriana</strong></span> <span class='ocrx_word' id='word_1_291' title='bbox 232 2709 366 2772; x_wconf 85' lang='lat' dir='ltr'><strong>antiquum</strong></span> <span class='ocrx_word' id='word_1_292' title='bbox 377 2709 502 2770; x_wconf 84' lang='lat' dir='ltr'><strong>glossema</strong></span> <span class='ocrx_word' id='word_1_293' title='bbox 520 2708 546 2755; x_wconf 91' lang='lat' dir='ltr'><strong>in</strong></span> <span class='ocrx_word' id='word_1_294' title='bbox 566 2708 678 2768; x_wconf 74' lang='lat' dir='ltr'><strong>energiae</strong></span> <span class='ocrx_word' id='word_1_295' title='bbox 697 2707 835 2767; x_wconf 85' lang='lat' dir='ltr'><strong>ascriptum</strong></span> <span class='ocrx_word' id='word_1_296' title='bbox 853 2713 892 2755; x_wconf 87' lang='lat' dir='ltr'><strong>est</strong></span> <span class='ocrx_word' id='word_1_297' title='bbox 911 2707 937 2754; x_wconf 91' lang='lat' dir='ltr'><strong>in</strong></span> <span class='ocrx_word' id='word_1_298' title='bbox 956 2707 1024 2756; x_wconf 89' lang='lat' dir='ltr'><strong>hune</strong></span> <span class='ocrx_word' id='word_1_299' title='bbox 1044 2707 1163 2757; x_wconf 82' lang='lat' dir='ltr'><strong>modnmr</strong></span> 
     </span>
     <span class='ocr_line' id='line_1_33' title="bbox 67 2770 1164 2835; baseline -0.001 -13"><span class='ocrx_word' id='word_1_300' title='bbox 67 2771 164 2822; x_wconf 86' lang='lat' dir='ltr'><strong>Omnia</strong></span> <span class='ocrx_word' id='word_1_301' title='bbox 176 2771 302 2834; x_wconf 84' lang='lat' dir='ltr'><strong>promisso</strong></span> <span class='ocrx_word' id='word_1_302' title='bbox 314 2779 359 2821; x_wconf 91' lang='lat' dir='ltr'><strong>tuo</strong></span> <span class='ocrx_word' id='word_1_303' title='bbox 370 2771 537 2835; x_wconf 88' lang='lat' dir='ltr'><strong>respondent,</strong></span> <span class='ocrx_word' id='word_1_304' title='bbox 548 2777 576 2820; x_wconf 92' lang='lat' dir='ltr'><strong>et</strong></span> <span class='ocrx_word' id='word_1_305' title='bbox 587 2772 649 2818; x_wconf 90' lang='lat' dir='ltr'><strong>nihil</strong></span> <span class='ocrx_word' id='word_1_306' title='bbox 659 2777 734 2818; x_wconf 88' lang='lat' dir='ltr'><strong>extra</strong></span> <span class='ocrx_word' id='word_1_307' title='bbox 746 2770 867 2819; x_wconf 77' lang='lat' dir='ltr'><strong>illudent.</strong></span> <span class='ocrx_word' id='word_1_308' title='bbox 886 2771 1002 2821; x_wconf 77' lang='lat' dir='ltr'><strong>Fuimus.</strong></span> <span class='ocrx_word' id='word_1_309' title='bbox 1024 2772 1164 2822; x_wconf 84' lang='lat' dir='ltr'><strong>veterrimi</strong></span> 
     </span>
     <span class='ocr_line' id='line_1_34' title="bbox 66 2834 1163 2899; baseline 0 -16"><span class='ocrx_word' id='word_1_310' title='bbox 66 2852 98 2884; x_wconf 84' lang='lat' dir='ltr'><strong>ex</strong></span> <span class='ocrx_word' id='word_1_311' title='bbox 109 2836 208 2886; x_wconf 83' lang='lat' dir='ltr'><strong>nostris</strong></span> <span class='ocrx_word' id='word_1_312' title='bbox 220 2836 308 2893; x_wconf 87' lang='lat' dir='ltr'><strong>etiam,</strong></span> <span class='ocrx_word' id='word_1_313' title='bbox 327 2835 398 2885; x_wconf 82' lang='lat' dir='ltr'><strong>Nihil</strong></span> <span class='ocrx_word' id='word_1_314' title='bbox 412 2841 502 2899; x_wconf 79' lang='lat' dir='ltr'><strong>prater</strong></span> <span class='ocrx_word' id='word_1_315' title='bbox 509 2838 650 2899; x_wconf 77' lang='lat' dir='ltr'><strong>promissum</strong></span> <span class='ocrx_word' id='word_1_316' title='bbox 658 2840 701 2883; x_wconf 86' lang='lat' dir='ltr'><strong>est.</strong></span> <span class='ocrx_word' id='word_1_317' title='bbox 714 2835 791 2882; x_wconf 90' lang='lat' dir='ltr'><strong>Bent.</strong></span> <span class='ocrx_word' id='word_1_318' title='bbox 817 2835 855 2882; x_wconf 87' lang='lat' dir='ltr'><strong>Ite</strong></span> <span class='ocrx_word' id='word_1_319' title='bbox 865 2835 920 2895; x_wconf 81' lang='lat' dir='ltr'><strong>hnc]</strong></span> <span class='ocrx_word' id='word_1_320' title='bbox 939 2835 968 2882; x_wconf 87' lang='lat' dir='ltr'><strong>L.</strong></span> <span class='ocrx_word' id='word_1_321' title='bbox 980 2834 1060 2896; x_wconf 87' lang='lat' dir='ltr'><strong>antiq.</strong></span> <span class='ocrx_word' id='word_1_322' title='bbox 1078 2850 1163 2885; x_wconf 78' lang='lat' dir='ltr'><strong>omnen.</strong></span> 
     </span>
     <span class='ocr_line' id='line_1_35' title="bbox 67 2897 1164 2964; baseline -0.001 -14"><span class='ocrx_word' id='word_1_323' title='bbox 67 2901 118 2950; x_wconf 87' lang='lat' dir='ltr'><strong>Sed</strong></span> <span class='ocrx_word' id='word_1_324' title='bbox 129 2901 215 2949; x_wconf 76' lang='lat' dir='ltr'><strong>nullm</strong></span> <span class='ocrx_word' id='word_1_325' title='bbox 226 2898 272 2951; x_wconf 92' lang='lat' dir='ltr'><strong>lib.</strong></span> <span class='ocrx_word' id='word_1_326' title='bbox 290 2901 379 2964; x_wconf 84' lang='lat' dir='ltr'><strong>script.</strong></span> <span class='ocrx_word' id='word_1_327' title='bbox 395 2900 422 2948; x_wconf 90' lang='lat' dir='ltr'><strong>id</strong></span> <span class='ocrx_word' id='word_1_328' title='bbox 433 2900 503 2964; x_wconf 87' lang='lat' dir='ltr'><strong>qnod</strong></span> <span class='ocrx_word' id='word_1_329' title='bbox 524 2902 569 2950; x_wconf 86' lang='lat' dir='ltr'><strong>Fa.</strong></span> <span class='ocrx_word' id='word_1_330' title='bbox 588 2905 685 2959; x_wconf 84' lang='lat' dir='ltr'><strong>monet,</strong></span> <span class='ocrx_word' id='word_1_331' title='bbox 703 2899 763 2948; x_wconf 84' lang='lat' dir='ltr'><strong>hab.</strong></span> <span class='ocrx_word' id='word_1_332' title='bbox 780 2913 867 2946; x_wconf 85' lang='lat' dir='ltr'><strong>omnes.</strong></span> <span class='ocrx_word' id='word_1_333' title='bbox 901 2897 990 2946; x_wconf 89' lang='lat' dir='ltr'><strong>Habet</strong></span> <span class='ocrx_word' id='word_1_334' title='bbox 1010 2905 1094 2946; x_wconf 87' lang='lat' dir='ltr'><strong>autem</strong></span> <span class='ocrx_word' id='word_1_335' title='bbox 1106 2899 1164 2949; x_wconf 88' lang='lat' dir='ltr'><strong>GC.</strong></span> 
     </span>
     <span class='ocr_line' id='line_1_36' title="bbox 67 2962 1164 3028; baseline 0 -16"><span class='ocrx_word' id='word_1_336' title='bbox 67 2980 144 3028; x_wconf 85' lang='lat' dir='ltr'><strong>quesn</strong></span> <span class='ocrx_word' id='word_1_337' title='bbox 155 2965 200 3013; x_wconf 89' lang='lat' dir='ltr'><strong>ille</strong></span> <span class='ocrx_word' id='word_1_338' title='bbox 216 2978 268 3014; x_wconf 90' lang='lat' dir='ltr'><strong>non</strong></span> <span class='ocrx_word' id='word_1_339' title='bbox 279 2964 353 3014; x_wconf 83' lang='lat' dir='ltr'><strong>vidit.</strong></span> <span class='ocrx_word' id='word_1_340' title='bbox 386 2965 453 3013; x_wconf 89' lang='lat' dir='ltr'><strong>Post</strong></span> <span class='ocrx_word' id='word_1_341' title='bbox 471 2979 560 3014; x_wconf 90' lang='lat' dir='ltr'><strong>vocem</strong></span> <span class='ocrx_word' id='word_1_342' title='bbox 577 2962 658 3012; x_wconf 87' lang='lat' dir='ltr'><strong>‘hae&#39;</strong></span> <span class='ocrx_word' id='word_1_343' title='bbox 676 2963 793 3028; x_wconf 89' lang='lat' dir='ltr'><strong>sequitur</strong></span> <span class='ocrx_word' id='word_1_344' title='bbox 812 2963 838 3010; x_wconf 91' lang='lat' dir='ltr'><strong>in</strong></span> <span class='ocrx_word' id='word_1_345' title='bbox 854 2962 920 3013; x_wconf 89' lang='lat' dir='ltr'><strong>GM.</strong></span> <span class='ocrx_word' id='word_1_346' title='bbox 940 2975 987 3024; x_wconf 92' lang='lat' dir='ltr'><strong>pro</strong></span> <span class='ocrx_word' id='word_1_347' title='bbox 1011 2963 1111 3021; x_wconf 68' lang='lat' dir='ltr'><strong>glossa:</strong></span> <span class='ocrx_word' id='word_1_348' title='bbox 1131 2963 1164 3012; x_wconf 91' lang='lat' dir='ltr'><strong>ad</strong></span> 
     </span>
     <span class='ocr_line' id='line_1_37' title="bbox 67 3025 1164 3092; baseline -0.002 -14"><span class='ocrx_word' id='word_1_349' title='bbox 67 3031 171 3079; x_wconf 88' lang='lat' dir='ltr'><strong>damam</strong></span> <span class='ocrx_word' id='word_1_350' title='bbox 182 3028 269 3089; x_wconf 82' lang='lat' dir='ltr'><strong>illius3</strong></span> <span class='ocrx_word' id='word_1_351' title='bbox 286 3036 314 3078; x_wconf 88' lang='lat' dir='ltr'><strong>et</strong></span> <span class='ocrx_word' id='word_1_352' title='bbox 325 3029 351 3077; x_wconf 92' lang='lat' dir='ltr'><strong>in</strong></span> <span class='ocrx_word' id='word_1_353' title='bbox 363 3035 487 3078; x_wconf 86' lang='lat' dir='ltr'><strong>contextu</strong></span> <span class='ocrx_word' id='word_1_354' title='bbox 499 3029 598 3092; x_wconf 86' lang='lat' dir='ltr'><strong>signam</strong></span> <span class='ocrx_word' id='word_1_355' title='bbox 610 3036 655 3078; x_wconf 77' lang='lat' dir='ltr'><strong>arnt</strong></span> <span class='ocrx_word' id='word_1_356' title='bbox 669 3029 708 3077; x_wconf 92' lang='lat' dir='ltr'><strong>lit.</strong></span> <span class='ocrx_word' id='word_1_357' title='bbox 740 3027 772 3075; x_wconf 92' lang='lat' dir='ltr'><strong>In</strong></span> <span class='ocrx_word' id='word_1_358' title='bbox 785 3026 851 3076; x_wconf 89' lang='lat' dir='ltr'><strong>GM.</strong></span> <span class='ocrx_word' id='word_1_359' title='bbox 862 3033 889 3075; x_wconf 90' lang='lat' dir='ltr'><strong>et</strong></span> <span class='ocrx_word' id='word_1_360' title='bbox 900 3026 989 3075; x_wconf 85' lang='lat' dir='ltr'><strong>Guelf.</strong></span> <span class='ocrx_word' id='word_1_361' title='bbox 1007 3030 1032 3074; x_wconf 79' lang='lat'><strong>2.</strong></span> <span class='ocrx_word' id='word_1_362' title='bbox 1047 3029 1071 3074; x_wconf 75' lang='lat'><strong>³.</strong></span> <span class='ocrx_word' id='word_1_363' title='bbox 1087 3025 1164 3076; x_wconf 85' lang='lat' dir='ltr'><strong>tinem</strong></span> 
     </span>
     <span class='ocr_line' id='line_1_38' title="bbox 67 3090 1166 3156; baseline 0.001 -16"><span class='ocrx_word' id='word_1_364' title='bbox 67 3092 279 3143; x_wconf 78' lang='lat' dir='ltr'><strong>faciantvethu:</strong></span> <span class='ocrx_word' id='word_1_365' title='bbox 299 3093 430 3156; x_wconf 80' lang='lat' dir='ltr'><strong>Calliopius</strong></span> <span class='ocrx_word' id='word_1_366' title='bbox 450 3096 561 3143; x_wconf 86' lang='lat' dir='ltr'><strong>recensui.</strong></span> <span class='ocrx_word' id='word_1_367' title='bbox 581 3093 651 3142; x_wconf 91' lang='lat' dir='ltr'><strong>Perl.</strong></span> <span class='ocrx_word' id='word_1_368' title='bbox 684 3094 780 3142; x_wconf 77' lang='lat' dir='ltr'><strong>Praeter</strong></span> <span class='ocrx_word' id='word_1_369' title='bbox 797 3090 904 3152; x_wconf 79' lang='lat' dir='ltr'><strong>mianum]</strong></span> <span class='ocrx_word' id='word_1_370' title='bbox 929 3090 999 3139; x_wconf 86' lang='lat' dir='ltr'><strong>Edit.</strong></span> <span class='ocrx_word' id='word_1_371' title='bbox 1018 3092 1166 3155; x_wconf 76' lang='lat' dir='ltr'><strong>promissum,</strong></span> 
     </span>
     <span class='ocr_line' id='line_1_39' title="bbox 69 3155 1165 3220; baseline 0.001 -14"><span class='ocrx_word' id='word_1_372' title='bbox 69 3159 197 3220; x_wconf 85' lang='lat' dir='ltr'><strong>probante</strong></span> <span class='ocrx_word' id='word_1_373' title='bbox 208 3158 289 3205; x_wconf 87' lang='lat' dir='ltr'><strong>Bent.</strong></span> <span class='ocrx_word' id='word_1_374' title='bbox 302 3165 328 3206; x_wconf 86' lang='lat' dir='ltr'><strong>et</strong></span> <span class='ocrx_word' id='word_1_375' title='bbox 340 3158 377 3207; x_wconf 90' lang='lat' dir='ltr'><strong>sic</strong></span> <span class='ocrx_word' id='word_1_376' title='bbox 389 3158 467 3206; x_wconf 86' lang='lat' dir='ltr'><strong>etiam</strong></span> <span class='ocrx_word' id='word_1_377' title='bbox 480 3158 505 3205; x_wconf 91' lang='lat' dir='ltr'><strong>in</strong></span> <span class='ocrx_word' id='word_1_378' title='bbox 517 3158 568 3208; x_wconf 88' lang='lat' dir='ltr'><strong>Ms.</strong></span> <span class='ocrx_word' id='word_1_379' title='bbox 580 3171 646 3219; x_wconf 86' lang='lat' dir='ltr'><strong>apr.</strong></span> <span class='ocrx_word' id='word_1_380' title='bbox 660 3172 696 3208; x_wconf 91' lang='lat' dir='ltr'><strong>m.</strong></span> <span class='ocrx_word' id='word_1_381' title='bbox 714 3155 783 3219; x_wconf 89' lang='lat' dir='ltr'><strong>quod</strong></span> <span class='ocrx_word' id='word_1_382' title='bbox 804 3169 939 3216; x_wconf 85' lang='lat' dir='ltr'><strong>perperam</strong></span> <span class='ocrx_word' id='word_1_383' title='bbox 955 3163 1099 3203; x_wconf 87' lang='lat' dir='ltr'><strong>correctum</strong></span> <span class='ocrx_word' id='word_1_384' title='bbox 1115 3165 1165 3207; x_wconf 86' lang='lat' dir='ltr'><strong>est.</strong></span> 
     </span>
     <span class='ocr_line' id='line_1_40' title="bbox 68 3218 1166 3283; baseline -0.002 -12"><span class='ocrx_word' id='word_1_385' title='bbox 68 3224 159 3272; x_wconf 74' lang='lat' dir='ltr'><strong>Boane.</strong></span> <span class='ocrx_word' id='word_1_386' title='bbox 194 3220 302 3270; x_wconf 86' lang='lat' dir='ltr'><strong>Omittit</strong></span> <span class='ocrx_word' id='word_1_387' title='bbox 314 3222 360 3270; x_wconf 93' lang='lat' dir='ltr'><strong>Br.</strong></span> <span class='ocrx_word' id='word_1_388' title='bbox 378 3227 410 3283; x_wconf 86' lang='lat' dir='ltr'><strong>et,</strong></span> <span class='ocrx_word' id='word_1_389' title='bbox 426 3229 453 3271; x_wconf 91' lang='lat' dir='ltr'><strong>et</strong></span> <span class='ocrx_word' id='word_1_390' title='bbox 465 3221 502 3269; x_wconf 91' lang='lat' dir='ltr'><strong>ita</strong></span> <span class='ocrx_word' id='word_1_391' title='bbox 512 3222 638 3270; x_wconf 84' lang='lat' dir='ltr'><strong>Fabulam</strong></span> <span class='ocrx_word' id='word_1_392' title='bbox 655 3220 771 3270; x_wconf 86' lang='lat' dir='ltr'><strong>clandit:</strong></span> <span class='ocrx_word' id='word_1_393' title='bbox 792 3220 896 3268; x_wconf 81' lang='lat' dir='ltr'><strong>Terentii</strong></span> <span class='ocrx_word' id='word_1_394' title='bbox 909 3218 967 3277; x_wconf 82' lang='lat' dir='ltr'><strong>Afri</strong></span> <span class='ocrx_word' id='word_1_395' title='bbox 986 3220 1113 3268; x_wconf 77' lang='lat' dir='ltr'><strong>Eunuchus</strong></span> <span class='ocrx_word' id='word_1_396' title='bbox 1123 3236 1166 3269; x_wconf 79' lang='lat' dir='ltr'><strong>ex·</strong></span> 
     </span>
     <span class='ocr_line' id='line_1_41' title="bbox 66 3284 1165 3348; baseline 0 -14"><span class='ocrx_word' id='word_1_397' title='bbox 66 3288 133 3348; x_wconf 81' lang='lat' dir='ltr'><strong>plicit</strong></span> <span class='ocrx_word' id='word_1_398' title='bbox 144 3302 152 3334; x_wconf 91' lang='grc'><strong>.·</strong></span> <span class='ocrx_word' id='word_1_399' title='bbox 166 3286 300 3348; x_wconf 84' lang='lat' dir='ltr'><strong>Callioplus</strong></span> <span class='ocrx_word' id='word_1_400' title='bbox 308 3287 434 3335; x_wconf 72' lang='lat' dir='ltr'><strong>recensuit.</strong></span> <span class='ocrx_word' id='word_1_401' title='bbox 453 3286 548 3334; x_wconf 77' lang='lat' dir='ltr'><strong>Praeter</strong></span> <span class='ocrx_word' id='word_1_402' title='bbox 554 3287 694 3347; x_wconf 84' lang='lat' dir='ltr'><strong>promissum</strong></span> <span class='ocrx_word' id='word_1_403' title='bbox 705 3286 768 3334; x_wconf 84' lang='lat' dir='ltr'><strong>dant</strong></span> <span class='ocrx_word' id='word_1_404' title='bbox 778 3284 856 3334; x_wconf 84' lang='lat' dir='ltr'><strong>Beni.</strong></span> <span class='ocrx_word' id='word_1_405' title='bbox 866 3284 896 3335; x_wconf 83' lang='grc' dir='ltr'><strong>Ζ.</strong></span> <span class='ocrx_word' id='word_1_406' title='bbox 908 3284 940 3332; x_wconf 89' lang='lat' dir='ltr'><strong>Bi</strong></span> <span class='ocrx_word' id='word_1_407' title='bbox 945 3299 971 3348; x_wconf 86' lang='lat' dir='ltr'><strong>p.</strong></span> <span class='ocrx_word' id='word_1_408' title='bbox 983 3284 1060 3334; x_wconf 89' lang='lat' dir='ltr'><strong>Both.</strong></span> <span class='ocrx_word' id='word_1_409' title='bbox 1069 3285 1165 3348; x_wconf 87' lang='lat' dir='ltr'><strong>Delph.</strong></span> 
     </span>
     <span class='ocr_line' id='line_1_42' title="bbox 69 3348 704 3414; baseline -0.003 -14"><span class='ocrx_word' id='word_1_410' title='bbox 69 3358 152 3401; x_wconf 80' lang='lat' dir='ltr'><strong>bnon</strong></span> <span class='ocrx_word' id='word_1_411' title='bbox 162 3348 263 3400; x_wconf 88' lang='lat' dir='ltr'><strong>habent</strong></span> <span class='ocrx_word' id='word_1_412' title='bbox 273 3350 351 3400; x_wconf 90' lang='lat' dir='ltr'><strong>Bent.</strong></span> <span class='ocrx_word' id='word_1_413' title='bbox 363 3350 423 3414; x_wconf 90' lang='lat' dir='ltr'><strong>Bip.</strong></span> <span class='ocrx_word' id='word_1_414' title='bbox 437 3350 513 3398; x_wconf 86' lang='lat' dir='ltr'><strong>Botlt.</strong></span> <span class='ocrx_word' id='word_1_415' title='bbox 525 3349 596 3399; x_wconf 87' lang='lat' dir='ltr'><strong>Perl.</strong></span> <span class='ocrx_word' id='word_1_416' title='bbox 609 3349 704 3412; x_wconf 85' lang='lat' dir='ltr'><strong>Delph.</strong></span> 
     </span>
    </p>
   </div>
   <div class='ocr_carea' id='block_1_9' title="bbox 467 3598 778 3648">
    <p class='ocr_par' dir='ltr' id='par_1_9' title="bbox 467 3598 778 3648">
     <span class='ocr_line' id='line_1_43' title="bbox 467 3598 778 3648; baseline -0.006 -2"><span class='ocrx_word' id='word_1_417' title='bbox 467 3598 569 3647; x_wconf 76' lang='lat' dir='ltr'><strong>olttls</strong></span> <span class='ocrx_word' id='word_1_418' title='bbox 592 3599 778 3648; x_wconf 74' lang='lat' dir='ltr'><strong>outtoortt.</strong></span> 
     </span>
    </p>
   </div>
   <div class='ocr_carea' id='block_1_10' title="bbox 0 0 1363 4694">
    <p class='ocr_par' dir='ltr' id='par_1_10' title="bbox 0 0 1363 4694">
     <span class='ocr_line' id='line_1_44' title="bbox 0 0 1363 4694; baseline 0 0"><span class='ocrx_word' id='word_1_419' title='bbox 0 0 1363 4694; x_wconf 95' lang='lat' dir='ltr'><strong> </strong></span> 
     </span>
    </p>
   </div>
  </div>
 </body>
</html>
