2678 4694
426 309 598 359 nouucur
624 312 706 359 scr.
730 313 764 360 v.
789 312 842 363 sc.
866 311 932 362 vu.
1156 300 1222 367 523

121 457 173 520 At
187 456 290 520 etium
304 455 412 537 primo
427 453 584 519 callidum
597 462 633 519 et
647 455 807 520 disertum
823 455 948 521 credidi
959 456 1140 523 hominem.
1177 456 1221 522 lo

122 557 241 635 Quidi
264 558 397 622 illieone
411 557 544 621 credere
558 577 610 635 ea,
626 578 704 641 quae
720 559 805 636 dixi,
820 558 968 641 oportuit
982 560 1038 624 tei

119 660 177 723 An
193 659 380 743 poenitebat
395 659 523 742 flagitii,
537 666 569 725 te
585 669 723 726 anctore
736 661 826 746 quod
843 661 984 727 fecisset
1003 685 1016 728 r

118 759 342 838 Adolescens,
356 762 390 825 ni
404 763 560 826 miserum
575 766 712 848 insuper
726 766 827 830 etiam
842 765 930 848 putri
945 765 1137 830 indicaros‘l

119 863 155 926 N
157 884 212 928 am
226 864 309 947 quid
325 864 375 928 illi
391 865 500 929 credis
516 866 620 930 animi
636 872 705 931 tum
720 866 841 943 fuisse,
856 867 915 930 ubi
930 875 1055 931 vestem
1069 866 1156 933 vidit

120 965 223 1030 Illam
247 987 324 1030 esse
351 987 429 1031 eum
454 968 611 1033 indutum
625 972 744 1053 poteri
779 969 861 1053 quid
885 970 963 1034 esst
990 970 1063 1054 jam
1088 970 1158 1034 scis
1183 963 1218 1035 ti

250 1068 415 1150 periisset
1177 1074 1220 1138 15

118 1170 186 1235 ΡΑ.
210 1169 320 1234 Heml
354 1170 434 1254 quid
451 1170 549 1250 dixti,
575 1174 760 1255 pessumut
794 1190 836 1236 au
860 1173 998 1238 mentitu
1015 1174 1081 1238 esl
1115 1175 1218 1240 etiam

249 1271 368 1335 ridesl

118 1373 206 1438 Itan'
231 1373 381 1539 lelpidum
403 1374 466 1439 tibi
490 1374 600 1440 visum
626 1382 688 1455 est,
713 1377 835 1454 scelus,
850 1396 913 1441 nos
937 1376 1102 1441 irrideret
1147 1375 1216 1441 ΡΥ.

288 1495 416 1540 inuum.
961 1503 964 1511 ·

115 1699 221 1754 erutum,
232 1694 413 1758 intelligentem,
423 1699 447 1744 et
458 1695 590 1754 seeundum
599 1711 648 1747 esse
659 1696 801 1746 existimari.
834 1697 886 1747 ΡΑ.
904 1695 986 1751 Quid?
1017 1697 1070 1748 ΡΥ.
1086 1694 1128 1746 An
1137 1697 1220 1747 stetim

109 1758 186 1820 fidem
203 1759 315 1807 adbibere
332 1759 404 1807 dietis
419 1759 477 1807 mdc
492 1759 613 1811 debuisti?
627 1760 668 1808 An
679 1765 703 1809 te
714 1760 981 1825 poerritebotflogitison,
992 1764 1086 1825 quodie
1096 1762 1220 1826 impulsore

116 1822 271 1872 commisisset
280 1824 411 1872 adolescens
423 1825 530 1884 Cierio,
541 1824 613 1872 nimis
622 1824 671 1873 lese
681 1825 769 1886 fuisse,
784 1825 832 1874 uisi
846 1825 946 1888 emplius
956 1827 1066 1875 miserum
1077 1827 1143 1876 illum
1153 1828 1219 1889 putri

114 1891 228 1949 proderes
239 1893 262 1936 et
273 1889 392 1947 deferres?
409 1888 475 1935 Num
485 1890 596 1949 quomode
613 1904 665 1938 eum
680 1887 791 1951 effectum
796 1889 875 1948 fuisse
882 1895 962 1952 putus,
970 1891 1011 1939 ubi
1019 1905 1044 1939 se
1054 1891 1115 1939 uidit
1125 1907 1142 1940 u
1150 1897 1219 1953 putre

117 1952 285 2015 deprehensum
301 1966 360 2012 esse,
375 1952 402 2000 iu
419 1952 461 2000 uu
472 1956 534 2000 ueste
544 1953 672 2001 Eunuchi?
687 1952 805 2014 quidest?
819 1954 894 2002 reisru
912 1956 941 2001 de
957 1960 981 2002 te
991 1954 1045 2015 jem
1060 1961 1138 2004 actum
1148 1953 1217 2004 esse?

117 2015 169 2064 Pu.
186 2016 272 2065 Huni
289 2018 344 2078 quiid
354 2016 449 2074 dixisti,
467 2018 612 2065 deterrime?
627 2016 668 2065 An
678 2017 777 2066 mentito
788 2032 824 2076 es,
832 2033 885 2066 cum
895 2018 954 2066 mibi
972 2019 1059 2067 disuti
1070 2019 1192 2068 Cbereum
1202 2035 1218 2068 u

118 2081 245 2129 Cbremete
255 2081 489 2141 colligatumsuiseet
504 2080 576 2128 etium
585 2082 666 2143 pergis
675 2083 769 2130 rideret
786 2081 854 2130 ltoue
865 2083 954 2130 urbano
965 2088 989 2131 et
997 2083 1074 2144 tepido
1084 2083 1218 2131 existinmri

116 2145 225 2209 misisti,
240 2146 347 2207 scelesto,
362 2145 436 2193 duur
446 2143 547 2193 ludibrio
557 2146 668 2194 iuberes?
700 2147 752 2194 ΡΥ.
774 2146 847 2196 Vuide
857 2147 899 2195 boe
908 2146 983 2196 visum
994 2152 1030 2196 est
1041 2147 1098 2195 mitt
1108 2147 1216 2210 lepidium.

576 2303 758 2326 emanuel

117 2421 139 2470 si
148 2422 216 2469 benc
228 2419 352 2482 loquendi
364 2417 473 2467 formam
486 2417 642 2482 praetuleris,
652 2419 689 2467 sic
706 2418 793 2466 versui
806 2417 903 2465 mederi
916 2418 1007 2477 possis,
1022 2417 1079 2465 Non
1096 2418 1156 2466 sotis
1172 2434 1216 2481 po·

119 2491 164 2535 test
175 2485 309 2544 nemerim,
319 2498 374 2546 quos
384 2483 477 2532 dederis
494 2484 559 2531 ludos
575 2484 648 2534 iuius.
681 2483 732 2531 Sed
745 2482 816 2544 prior
827 2483 871 2530 illa
882 2482 960 2529 lectio
972 2482 1034 2530 sutis
1046 2496 1074 2530 se
1086 2497 1215 2532 commen-

119 2550 173 2598 dat.
191 2551 266 2598 Beni.
288 2549 345 2596 Nou
358 2548 482 2611 poteratis
492 2549 587 2596 uurruri
600 2547 631 2596 R.
644 2547 714 2596 Lind.
750 2548 780 2602 Q.
791 2547 863 2609 praeb.
875 2545 905 2608 l.]
927 2545 991 2594 GM.
1002 2561 1058 2607 sup.
1077 2547 1168 2609 script.
1187 2550 1216 2598 de

117 2629 171 2663 seue
182 2629 251 2677 quem
262 2612 347 2671 fecisti
358 2615 449 2661 domum
465 2613 567 2673 ingredi.
586 2612 655 2661 Huic
675 2615 767 2674 glossae
788 2613 866 2659 eriam
884 2611 909 2657 in
929 2610 974 2659 Br.
991 2610 1122 2659 adduntur
1141 2611 1214 2660 lruc:

115 2680 250 2742 mussitem
260 2682 287 2725 ut
296 2691 362 2725 senes
372 2679 453 2725 solem.
469 2677 540 2725 Perl.
573 2677 639 2724 Herc
653 2683 708 2725 tota
720 2677 804 2735 glossa
816 2675 891 2723 estin
904 2675 949 2723 Br.
963 2689 1093 2737 unumque
1113 2689 1214 2724 versum

117 2741 234 2802 conficit,
251 2741 284 2790 de
307 2755 357 2803 quo
378 2741 415 2788 ita
432 2741 535 2789 Bruns:
553 2741 653 2789 ‘Totus
670 2755 758 2787 versus
775 2739 849 2786 abest
860 2738 969 2786 edition.
982 2754 1064 2801 neque
1077 2740 1146 2788 inter
1157 2741 1215 2790 VV.

117 2808 170 2858 LL.
182 2822 243 2855 enrn
262 2805 365 2869 reperi!
389 2806 444 2853 Nou
452 2810 508 2868 pote
518 2805 578 2853 sotis
587 2805 682 2853 nemori
695 2804 771 2852 Both.
786 2802 881 2864 llelplr.
899 2803 1022 2850 Nousutis
1031 2807 1106 2864 potest
1118 2805 1216 2852 narrari

118 2873 164 2921 Br.
186 2872 245 2919 Nou
255 2875 330 2933 potest
341 2870 400 2918 sotis
411 2871 507 2918 uurruri
523 2870 654 2933 Botl1.qui
667 2877 738 2917 notat
751 2885 757 2916 ι
776 2867 837 2915 ιΑΙ.
859 2867 911 2913 Nou
921 2879 1013 2927 possum
1023 2866 1082 2913 sotis
1099 2881 1213 2915 uomere:

118 2936 187 3000 quod
199 2937 280 2985 Bent.
293 2934 407 2998 prefert.
435 2934 477 2983 Al.
498 2934 555 2982 Nou
565 2935 625 2984 sutis
634 2933 705 2996 pote!
727 2933 804 2982 Praeb.
816 2932 881 2980 ludos
901 2930 1035 2979 Peru-ro
1049 2931 1167 2979 Callidum
1178 2932 1215 2995 et]

118 3001 210 3050 Nostri
232 3014 325 3062 magno
344 3012 451 3047 numero
473 3014 510 3059 oe,
533 3005 560 3047 et
583 2999 648 3048 Edd.
666 3006 730 3047 vett.
749 3001 823 3047 Beut.
856 2995 898 3045 Sic
918 2994 962 3042 dat
975 3010 1032 3043 curu
1045 2996 1092 3043 ΒΥ.
1104 3004 1130 3043 et
1142 2997 1214 3045 Perl.
1287 3045 1291 3054 ,

121 3064 221 3115 Credidi
232 3071 257 3113 te
268 3061 357 3112 Gneli.
369 3068 393 3112 3.
415 3064 450 3111 At
458 3067 483 3110 te
493 3063 565 3112 etium
574 3064 652 3113 Both.
664 3065 706 3127 qrri
719 3068 742 3111 te
752 3065 828 3124 vulgo
836 3061 919 3109 miuus
931 3068 1003 3109 recte
1013 3059 1103 3108 abesse
1113 3070 1213 3111 censet.

117 3135 179 3179 -ΙΙ
200 3131 253 3178 ΡΑ.
271 3125 355 3184 Quid?
374 3129 426 3177 ΡΥ.
445 3128 555 3191 Itiieoue]
575 3129 607 3177 In
620 3129 732 3192 antiquis
745 3129 817 3176 libris
826 3133 854 3174 et
867 3125 983 3173 omnium
995 3123 1051 3172 fere
1064 3126 1121 3172 aliis
1133 3127 1213 3174 etiam

119 3193 201 3244 dictio
219 3194 319 3244 ‘Quid’
339 3193 441 3256 Pythiae
463 3193 594 3242 tribuitur.
618 3193 664 3242 Fe.
697 3193 739 3241 lta
758 3192 835 3240 etiam
848 3190 938 3238 nostri.
961 3190 1036 3238 Beni.
1070 3189 1213 3239 Reddimus

116 3257 270 3309 ri‘Quid’
292 3258 403 3321 Pytluee.
421 3258 479 3319 Bip.
512 3258 581 3306 lilieo
592 3273 633 3306 uec
645 3258 742 3306 reddere
754 3253 843 3306 Guelf.
855 3259 879 3304 3.
914 3253 1086 3304 Dat‘Quid'
1111 3255 1215 3318 Pytbiae

117 3321 209 3373 Guelf.
227 3326 318 3372 l.-li
335 3323 453 3370 Miserum
469 3323 536 3383 putri
558 3322 583 3370 ui
601 3322 695 3385 iusuper
713 3322 785 3369 etium
802 3320 947 3369 Boou-rt
965 3318 1064 3367 Iterum
1078 3318 1215 3381 jugulatur

118 3403 217 3437 versus.
252 3388 368 3449 Reponi,
386 3386 517 3449 Numquid
527 3387 564 3434 iili
580 3388 655 3435 eredis
672 3386 817 3435 tumonimi.
834 3384 913 3431 Bent.
946 3383 1069 3446 Sequitur
1079 3382 1214 3432 Peri—lb

119 3453 156 3504 M.
168 3460 197 3502 et
210 3451 305 3500 Boend.
317 3452 362 3500 sed
375 3451 517 3514 etquidem
528 3451 592 3500 editi
603 3451 714 3500 vetusti:
742 3452 792 3499 Pu.
811 3448 876 3504 Quid
893 3443 948 3496 esti
982 3447 1037 3497 ΡΥ.
1053 3448 1109 3496 Joru
1125 3448 1172 3495 seis
1190 3452 1214 3496 te

115 3513 235 3578 periisse?
268 3516 478 3565 Proestatoutem
488 3522 624 3579 utrumqne
638 3515 750 3564 tribuere
763 3514 876 3577 Pythiae,
893 3520 921 3561 et
937 3510 1036 3560 inferre
1056 3512 1088 3559 ad
1100 3518 1215 3560 conster-

117 3591 206 3630 natum
219 3581 389 3629 Parmenonis
397 3581 503 3628 vultum.
523 3581 601 3630 West.
637 3581 701 3636 Quid
711 3580 827 3639 esttjom
837 3577 893 3639 seis]
921 3577 991 3639 Lege
1004 3574 1150 3636 Quidijam
1161 3575 1216 3624 seis.

118 3645 196 3695 Bent.
232 3645 309 3707 Quid]
325 3645 410 3707 Vulgo
420 3645 477 3708 quid
487 3644 542 3696 est?
557 3645 729 3707 asperioribus
739 3643 862 3692 numeris.
894 3641 971 3690 Bent.
982 3647 1019 3689 est
1028 3641 1122 3699 omisit,
1139 3640 1215 3688 etsie

118 3709 148 3760 B.
163 3712 241 3760 Botb.
275 3711 372 3758 Perisse
386 3711 428 3757 Br.
440 3711 519 3759 Bent.
529 3709 589 3773 Bip.
599 3709 677 3758 Both.
711 3710 777 3757 Post
793 3708 891 3770 periisse
902 3720 953 3753 nou
963 3706 1107 3766 interrogat
1117 3703 1214 3754 z.-1o

120 3775 215 3840 Scripti
227 3781 255 3824 et
264 3774 328 3824 editi
339 3773 442 3838 quidam
453 3774 522 3836 libri,
532 3775 627 3823 dixisti.
638 3776 721 3822 West.
755 3773 813 3822 Non
826 3778 914 3835 potest
925 3771 966 3818 liic
980 3783 1066 3817 versus
1078 3769 1130 3816 ullo
1139 3768 1215 3818 modo

122 3849 197 3903 stare,
215 3841 266 3888 nisi
276 3839 363 3888 dixisti
373 3840 460 3902 legas;
476 3846 505 3886 ut
518 3839 578 3887 etin
592 3838 718 3902 aliquibus
729 3838 801 3886 libris
819 3835 924 3898 scriptis
939 3834 1053 3882 'l'ereutii
1070 3841 1097 3882 et
1116 3834 1215 3882 Donati

121 3902 229 3955 invenio.
248 3905 294 3953 Fe.
321 3905 379 3951 Duo
391 3919 423 3952 ex
435 3903 531 3952 uostris
540 3904 641 3952 dixisti:
658 3903 740 3951 ceteri
749 3902 822 3950 dixti.
854 3902 889 3949 Et
901 3897 1011 3947 fortasse
1022 3898 1030 3924 ‘
1041 3896 1121 3946 Hem'
1134 3899 1213 3961 priori

122 3971 202 4019 versui
212 3968 409 4031 apponendum3
428 3975 454 4016 et
466 3976 521 4017 tum
532 3967 611 4030 legas,
630 3968 695 4022 Quid
707 3967 781 4022 dixti,
794 3968 918 4027 pessuma?
934 3978 964 4010 uu
982 3963 1041 4010 milri
1059 3963 1159 4011 mentito
1174 3969 1215 4011 es?

123 4034 374 4084 ettamriuesrnem.
407 4032 481 4081 libem
494 4031 751 4094 Delph.Bip.Both.
784 4029 880 4076 Dixisti
893 4027 955 4088 Bip.
968 4026 1046 4075 Botlr.
1057 4027 1129 4075 Perl.
1164 4028 1214 4082 Qui

124 4101 231 4162 propitii
243 4096 335 4148 Goelf.
347 4099 436 4146 2.-1t
454 4095 574 4157 Nimium]
590 4096 663 4145 Libri
673 4094 776 4160 quidum
789 4093 851 4142 Mss.
863 4099 891 4141 et
900 4091 975 4151 editi,
987 4091 1117 4140 Nimirum.
1129 4093 1212 4140 West.

127 4160 222 4214 illudere
238 4170 267 4212 et
280 4161 403 4212 Nimirum
422 4161 482 4212 Par.
499 4176 525 4225 p.
544 4161 681 4211 vanPerl.
717 4160 768 4208 Nos
785 4157 895 4221 irridere,
908 4157 984 4206 scelus
997 4157 1101 4207 videtur
1118 4157 1212 4220 legisse
