2678 4694
122 284 186 351 506
491 301 521 348 e.
547 299 729 349 rranurrr
753 301 842 350 seru

118 443 187 508 Px.
210 441 437 506 Conservam!
455 441 515 505 vix
527 461 581 505 me
596 442 765 521 contineo,
782 443 860 526 quin
876 443 1022 506 involem
1039 445 1073 507 iu
1175 445 1217 511 20

118 544 306 628 Capillum:
330 549 537 622 monstrum
560 543 660 607 etiam
674 544 762 608 ultro
777 543 922 608 derisum
938 543 1087 609 advenit.

117 648 187 711 ΤΗ.
210 644 311 708 Abin’
326 644 412 722 hinc,
427 645 570 709 insanai
616 645 683 709 Px.
707 645 800 723 Quid
817 648 865 708 ita
881 647 984 709 verot
1003 646 1159 727 debeam,

118 746 239 823 Credo,
254 747 310 809 isti
325 747 504 829 quicquam
517 746 685 824 furcifero,
699 748 729 810 si
743 746 777 811 id
793 747 947 827 fecerim3

121 849 315 912 Praesertim
327 866 405 911 cnm
419 867 457 912 se
473 868 607 914 servum
625 850 771 914 fateatur
785 855 889 914 tuum.

117 950 190 1016 Ta.
212 947 407 1014 Missabeec
423 950 599 1014 faciamus.
644 949 724 1014 Non
739 955 772 1015 te
787 949 937 1032 dignum,
954 951 1104 1030 Chaerea,
1176 953 1220 1017 25

120 1049 268 1130 Fecisti3
283 1069 374 1128 nam,
388 1050 454 1115 etsi
470 1071 532 1133 ego
547 1049 650 1134 dignu
662 1051 729 1115 hae
745 1053 951 1117 contumelia

117 1147 200 1214 Sum
214 1169 381 1230 maxume,
398 1158 434 1216 at
449 1158 485 1216 tu
500 1150 666 1234 indignus,
679 1152 739 1235 qui
753 1150 882 1217 faceres
898 1163 1017 1218 tamen.

118 1251 238 1335 Neque
251 1251 395 1335 aedepol,
416 1253 495 1336 quid
511 1272 600 1318 nune
614 1253 747 1317 consilii
762 1255 907 1338 capiam,
924 1255 1009 1332 scio,

122 1353 172 1416 Do
185 1351 313 1434 virgine
327 1353 432 1418 istac:
449 1353 498 1417 ita
511 1354 719 1419 conturbasti
733 1354 814 1418 mibi

117 1451 282 1517 Rationes
297 1472 425 1532 omnes,
440 1459 477 1519 ut
491 1473 566 1518 eam
580 1474 646 1519 non
662 1455 792 1538 possim
807 1455 891 1533 suis,

119 1551 177 1618 Ita
190 1560 230 1618 ut
241 1551 373 1639 aequum
387 1555 507 1634 fueret,
524 1564 627 1640 atque
641 1562 681 1621 ut
696 1555 822 1636 studui,
837 1557 986 1636 tradere3

120 1769 224 1829 tanam
238 1769 295 1831 quia
309 1768 400 1818 irruam
417 1770 444 1819 ia
461 1786 559 1821 samam.
594 1772 739 1833 Monstrum,
755 1771 827 1820 etiam
837 1785 880 1820 aas
890 1776 918 1819 st
929 1769 1030 1818 ludibria
1040 1768 1133 1832 babeat,
1143 1783 1176 1817 ex
1186 1767 1224 1815 iu·

120 1831 213 1880 dustria
223 1832 268 1882 frere
278 1835 383 1891 advenit.
414 1836 466 1883 Tn.
483 1836 531 1885 Abi
541 1837 605 1896 biae,
614 1837 696 1885 stulta.
731 1837 782 1885 Px.
794 1835 870 1890 Quasi
880 1850 934 1883 aera
944 1835 1015 1883 udam
1025 1848 1117 1896 param
1128 1833 1226 1880 debeam

119 1894 163 1942 isti
171 1894 300 1959 furcifero,
318 1897 341 1946 si
356 1899 510 1948 iamfarerim
529 1901 555 1948 ia
572 1901 682 1961 capitium
700 1899 765 1959 ejus:
780 1901 914 1962 prasertim
932 1913 985 1946 eum
999 1913 1043 1946 uou
1056 1898 1165 1956 liberum,
1182 1899 1224 1945 sed

119 1972 214 2008 emnam
232 1966 298 2010 tuum
316 1976 341 2009 se
358 1977 406 2012 esse
423 1963 571 2028 prefiteafur.
603 1965 654 2012 Tu.
672 1963 840 2012 Haciautiiia
851 1964 994 2012 omittamus.
1028 1961 1085 2009 Nou
1096 1967 1120 2009 te
1123 1960 1225 2020 facinus

119 2021 221 2082 diguam
239 2026 366 2083 admisisti,
386 2027 500 2077 Chaerea:
516 2042 581 2088 sam,
593 2027 699 2090 auameis
714 2032 810 2090 propter
825 2027 983 2075 cruditionem
993 2040 1068 2074 meam
1078 2026 1122 2073 baa
1134 2025 1224 2083 injuria

120 2088 223 2136 maxime
233 2090 307 2150 digua
318 2091 408 2153 uidear,
419 2097 495 2140 tamen
507 2097 534 2140 ta
545 2092 658 2153 indiguus
668 2106 700 2153 es,
710 2093 750 2154 qai
762 2106 813 2141 eam
824 2091 981 2150 mibisaeeree
989 2106 998 2147 ,·
1007 2104 1078 2152 aeque
1087 2104 1131 2152 per
1141 2090 1224 2136 Potiu·

120 2164 170 2198 sem
188 2168 250 2202 auae
266 2154 314 2202 seio
325 2157 400 2216 ,quate
416 2156 538 2205 eonsilium
556 2157 649 2219 capiam
667 2156 697 2204 de
713 2157 762 2204 ista
780 2155 873 2221 oirgiue
881 2171 891 2212 ;
911 2155 947 2202 ita
964 2169 1002 2202 res
1018 2168 1082 2202 meas
1097 2153 1226 2212 confudisti

121 2229 209 2277 aarum,
219 2223 246 2266 ut
256 2233 306 2266 eam
317 2234 428 2281 nequeam
445 2220 495 2268 suis
515 2221 594 2280 talem,
610 2221 734 2274 intactam,
752 2225 776 2268 et
793 2219 909 2279 uirginem
925 2221 1031 2279 reddere,
1047 2217 1119 2266 itaut
1131 2231 1225 2279 oequum

115 2278 211 2344 sumat,
221 2285 291 2346 atque
301 2287 329 2330 ut
339 2283 402 2332 omui
418 2286 497 2332 studio
513 2290 597 2334 cauata
607 2285 665 2344 sui:
681 2289 708 2333 ut
725 2283 842 2346 integram
857 2283 964 2343 gratiam
974 2283 1060 2331 inirem
1073 2297 1088 2331 a
1101 2282 1226 2330 Chremeta

581 2442 762 2463 &uocemue

120 2561 231 2626 Repono
247 2557 343 2628 igitur:
374 2566 465 2616 Vitidre
482 2567 571 2617 ciuem?
593 2568 675 2616 Meam
688 2565 821 2616 maseroam
831 2563 930 2614 credidi.
946 2564 1092 2612 Bene—20
1110 2563 1225 2612 Contineo

119 2640 158 2675 me
175 2628 318 2679 Bothe-21
338 2632 457 2693 Capitium
474 2639 585 2682 monstro.
618 2632 711 2693 Etiam,
729 2633 770 2693 de.
787 2629 823 2677 id.
856 2628 1006 2690 interrogat
1020 2628 1068 2678 Br.
1084 2629 1109 2675 in
1127 2627 1224 2675 fine.-

121 2693 163 2740 22.
175 2695 206 2740 23
226 2693 337 2748 Quidita
354 2696 437 2758 emat]
462 2697 514 2745 Ms.
534 2692 604 2758 Li'ps.
621 2698 724 2760 aliique,
743 2693 809 2751 Quid
825 2692 863 2741 ita
881 2708 936 2742 uero
953 2692 1050 2740 abeam?
1072 2693 1112 2740 Ex
1130 2693 1224 2752 glossa.

121 2753 157 2804 G.
180 2756 236 2806 ΕΤ.
257 2758 319 2806 ΕΜ.
340 2759 376 2808 ita
398 2760 543 2810 exhibent:
576 2763 641 2819 Quid
657 2763 693 2811 ita
712 2775 766 2810 uero
786 2755 887 2808 abeam?
916 2755 1017 2806 Credoa’
1040 2756 1082 2804 isti
1099 2756 1224 2817 qumquam

115 2819 243 2881 sinderi),
266 2823 417 2889 Proeeertim,
443 2829 484 2889 ise.
510 2827 593 2876 West.
637 2827 715 2875 Liber
733 2823 884 2883 Bembinus‚
912 2835 959 2883 pro
985 2820 1042 2881 Abi,
1065 2821 1148 2877 sibim
1174 2835 1223 2882 pro

114 2882 224 2948 fecerim,
236 2887 317 2945 secero
339 2891 424 2938 babet.
444 2892 577 2952 Ceterum,
600 2891 667 2953 quod
690 2889 807 2936 Donatus
824 2888 851 2934 iu
872 2885 1034 2946 expositione
1054 2885 1145 2932 borum
1165 2899 1225 2932 ver-

124 2948 214 2997 borum
245 2951 351 3010 debeam,
380 2955 466 3014 Crede,
493 2954 536 3001 isti
562 2955 686 3016 qumquam
714 2951 843 3011 sureifero,
869 2950 935 2998 dicit
962 2948 1094 2997 subaudiri
1125 2947 1224 2996 debere

120 3012 222 3073 ‘vero,'
243 3028 293 3062 non
323 3015 398 3064 video
420 3031 467 3065 cur
487 3031 543 3066 earn
572 3018 713 3066 dictionem
739 3016 879 3076 desideret,
901 3028 969 3078 qua,
994 3019 1095 3062 mutata
1121 3019 1223 3061 tautum

121 3074 300 3140 distinetione,
321 3088 418 3141 praesto
437 3086 492 3141 θεῖς
521 3082 542 3130 si
564 3083 632 3131 enirn
655 3087 715 3146 post
738 3080 830 3131 ‘Quia
856 3077 908 3127 ita’
931 3076 1085 3140 distingues,
1106 3084 1225 3125 remanet

122 3153 174 3187 vox
202 3155 256 3188 uero
277 3142 493 3206 subsequentibus
515 3147 655 3210 applicata,
677 3146 725 3193 boe
748 3143 840 3193 ruodo:
870 3142 935 3199 Quid
955 3142 1008 3190 ita?
1038 3142 1099 3190 Vera
1120 3141 1225 3201 debeam,

125 3203 211 3266 Credo,
222 3205 265 3254 isti
276 3207 397 3270 quiequam
406 3209 536 3269 furcifero.
553 3212 599 3259 Fa.
632 3212 704 3260 Unus
716 3223 748 3257 ex
766 3208 861 3256 nostris
878 3206 1030 3255 veterrimus
1042 3206 1117 3265 Abiu,
1127 3219 1143 3252 a
1155 3219 1225 3253 nune

124 3281 214 3317 eraso:
232 3282 320 3319 omnes
332 3272 451 3332 feeerim;
468 3275 562 3336 quode
583 3274 668 3324 uidem
681 3273 849 3337 praetulerim.
866 3272 940 3319 Beni.
972 3269 1062 3318 Abram
1073 3284 1119 3331 pro
1129 3269 1224 3317 debeam

124 3331 189 3381 GM.
206 3332 238 3382 Id
248 3334 269 3380 si
272 3336 372 3394 fecerim
384 3335 458 3386 abest
469 3353 484 3385 a
495 3291 583 3389 (laeli.
595 3344 617 3388 1.
629 3344 655 3388 2.
667 3343 691 3388 3.
707 3339 775 3387 Perl·
806 3337 836 3386 Si
846 3336 873 3384 id
882 3334 985 3396 fecerim
1001 3333 1090 3382 abesse
1102 3348 1154 3381 nou
1167 3348 1224 3395 pos·

124 3402 193 3445 eunt.
211 3397 300 3447 Bruus.
335 3399 439 3451 Absunt
450 3410 478 3451 et
490 3418 506 3452 a
519 3403 565 3452 Br.
583 3403 627 3466 qni
639 3404 685 3452 dat
696 3403 754 3459 Abi,
763 3410 790 3450 et
802 3416 861 3449 curn
876 3400 906 3448 Z.
923 3398 989 3454 Quid
1004 3397 1040 3445 ita
1056 3413 1111 3446 oero
1122 3396 1225 3447 abeam?

124 3461 220 3510 omisso
229 3462 333 3519 debeam,
346 3466 460 3515 exbibet.
493 3466 574 3528 Ante,
584 3483 633 3516 uon
653 3474 721 3530 post,
740 3464 840 3515 ‘vero'
858 3465 1002 3525 interrogat
1013 3461 1153 3511 Brut—25
1172 3463 1225 3509 ista

122 3529 185 3573 ante
203 3525 212 3552 ‘
228 3525 302 3575 baec'
320 3528 408 3578 Goetf.
418 3534 507 3581 ³.—26
523 3530 553 3580 Si
564 3546 609 3594 pro
620 3533 666 3581 etsi
676 3531 721 3581 Br.
732 3531 810 3579 Bent.
822 3529 853 3578 Z.
865 3529 925 3590 Bip.
940 3527 1084 3575 Bata—27
1103 3527 1157 3574 Nou
1170 3526 1225 3586 dig·

123 3602 168 3638 sus
180 3603 226 3651 pro
237 3591 351 3653 indiguus
360 3594 478 3645 Br.-80.
494 3600 524 3644 el
542 3597 594 3645 Sex
607 3611 621 3644 e
637 3595 732 3645 nostris
750 3594 871 3653 Codices,
882 3600 911 3640 et
929 3591 955 3639 in
967 3591 997 3639 iis
1009 3590 1185 3652 vetustissimi,
1196 3606 1225 3638 ae

121 3654 224 3714 poam.-
241 3670 306 3704 unus
324 3658 401 3706 etiam
414 3661 534 3723 antiquus
553 3676 625 3724 aeque
643 3666 671 3709 ut
680 3660 768 3708 auaui.
801 3658 921 3720 Repone,
930 3660 958 3703 ut
968 3670 1020 3704 eam
1031 3669 1060 3703 ue
1068 3656 1154 3718 possim
1165 3653 1224 3714 suis,

125 3716 168 3764 Ita
185 3724 213 3766 ut
230 3735 321 3783 oeqsum
333 3721 428 3784 suerat,
446 3725 526 3788 itaque
536 3731 564 3774 et
581 3725 672 3787 studui,
688 3726 790 3773 tradere.
816 3723 895 3770 Beut.
928 3719 968 3769 Ne
980 3733 1027 3783 pro
1038 3734 1084 3768 soa
1095 3719 1140 3768 dat
1152 3719 1226 3767 Perl.

617 3869 727 3922 NOTAE

157 3977 189 4024 27
207 3976 650 4048 Attuiudigrmaquisaeerertamm]
690 3983 742 4034 mei
759 3979 890 4042 amatoris,
908 3985 935 4029 et
952 3978 1093 4042 diiigenter
1109 3992 1140 4027 ec
1161 3977 1224 4027 libe·

124 4047 157 4098 Id
175 4056 288 4115 est,·non
307 4059 333 4103 te
350 4055 438 4107 docuit
458 4073 514 4109 esur
532 4059 651 4123 injuriam
692 4060 782 4111 taliter
793 4056 873 4111 fueris
885 4055 1027 4109 institutus.

122 4123 186 4174 mibi
196 4122 293 4191 faeere,
305 4142 363 4179 cum
375 4132 409 4181 sis
420 4132 502 4186 frater
513 4135 653 4202 Phaedria,
