2678 4694
403 353 638 404 enouaronrs
661 320 743 403 aur.
759 355 815 403 ιιι.
840 355 893 406 sc.
909 357 965 439 nr.
1058 398 1062 412 ,
1155 345 1222 411 981

129 490 406 576 Contemplamini
421 512 487 558 me.
530 493 603 559 Art.
627 492 879 573 Quamobrem?
895 505 959 566 'aut
972 501 1130 584 quidnam
1151 504 1223 570 sac·

260 602 361 673 turus,
377 596 489 660 cedei

125 699 233 763 Prin.
257 696 404 780 Quoquo
418 697 497 762 binc
513 700 732 784 asportabitur
747 707 919 780 terrarum,
942 714 1067 770 certum
1081 711 1132 774 est
1146 716 1223 793 perl

259 819 294 864 se
320 818 353 862 ur

125 901 201 967 Aut
227 820 365 986 peritia,
391 900 459 965 Gn.
481 903 529 966 Di
544 904 639 969 'bene
654 909 797 983 vortunt,
820 906 910 991 quod
938 911 1040 990 agas!
1062 910 1220 994 pedeten-

256 1005 316 1069 tim
330 1009 454 1069 tamen.
1113 1026 1116 1030 “

124 1104 200 1170 ΑΝ.
221 1104 324 1183 Vide,
351 1105 381 1169 si
396 1105 570 1189 quidopis
592 1113 691 1190 potes
707 1107 820 1174 afferre
840 1109 929 1174 buic.
974 1110 1042 1176 Gn.
1065 1111 1103 1178 si
1119 1113 1219 1198 quid!

257 1206 362 1290 quidi
408 1205 479 1271 ΑΝ.
503 1207 637 1288 Quaere,
653 1212 802 1290 obsecro,
1176 1216 1220 1280 20

124 1310 183 1376 Ne
198 1310 279 1395 quid
293 1310 370 1393 plus
384 1310 535 1376 minusve
548 1312 644 1392 faxit,
658 1313 749 1396 quod
764 1332 829 1377 uos
843 1322 924 1396 post
937 1315 1062 1399 pigeat,
1076 1315 1175 1383 Geta.

127 1411 197 1477 Gn.
222 1409 360 1489 Quaero.
406 1411 526 1477 Salvos
552 1420 615 1492 est,
636 1424 676 1477 ut
702 1415 841 1498 opinor;
865 1434 978 1479 uerum
998 1416 1085 1481 enim
1108 1426 1219 1483 metuo

254 1515 387 1578 malum.
885 1523 887 1528 “

120 1614 195 1680 Art.
217 1614 299 1680 Noli
313 1625 476 1682 metuere:
499 1637 565 1682 uua
578 1625 688 1683 tecum
702 1621 805 1696 bona,
817 1616 918 1697 mala,
933 1618 1163 1686 tolerabimus.

119 1716 188 1782 Ga.
203 1714 376 1795 Quantum
390 1719 453 1785 tibi
466 1739 553 1803 opus
568 1729 622 1785 est
637 1721 787 1803 argenti?
802 1719 951 1801 loquere.
999 1719 1101 1786 an.
1124 1723 1216 1790 Solae

250 1821 384 1903 triginta
398 1822 510 1888 minae.

120 2008 237 2069 ultimam,
248 2012 363 2076 Antipho,
375 2018 399 2063 et
412 2029 448 2064 nte
464 2020 575 2079 spectate.
609 2013 662 2062 Au.
681 2012 777 2068 Quare?
792 2017 836 2060 aut
851 2012 960 2074 ptidacm
973 2011 1086 2069 facturus
1104 2026 1138 2071 ee,
1152 2010 1219 2060 dicae

121 2073 264 2124 miiiucit'm.
297 2077 351 2126 Pu.
374 2079 522 2142 Quocumque
540 2085 656 2127 terrarum
671 2079 809 2134 adducetur,
824 2077 978 2123 constitutum
993 2080 1027 2123 eet
1039 2075 1099 2123 attii
1108 2091 1134 2123 eo
1145 2089 1218 2137 utque

119 2135 194 2198 ipram
203 2142 299 2201 secturi,
309 2147 352 2190 aut
362 2145 430 2192 mari.
464 2145 515 2192 Gn.
527 2142 573 2191 Dii
581 2143 664 2201 veiint,
671 2146 699 2188 ut
706 2141 765 2200 quod
776 2144 872 2186 acturus
879 2140 914 2186 tis
922 2153 1030 2200 prospere
1040 2141 1164 2187 succedat:
1175 2141 1217 2187 ted

120 2202 407 2264 muneremunere
420 2221 540 2267 agaanec
576 2205 730 2267 acipitanter.
747 2201 800 2250 Art.
814 2202 873 2250 Vide
884 2202 957 2259 Geta,
967 2203 989 2251 ei
999 2201 1055 2265 quia
1069 2216 1120 2249 eum
1129 2201 1220 2262 juvare

117 2270 194 2327 patei.
226 2269 276 2319 Ga.
293 2268 323 2318 Si
341 2269 416 2332 quid!
431 2270 504 2332 quid?
562 2281 589 2317 rt.
607 2267 736 2328 Recogita,
748 2279 840 2329 precor,
859 2281 889 2316 nc
908 2268 965 2329 quid
982 2268 1043 2315 ιιιιιῑι
1055 2265 1218 2329 saciat,qaod

119 2333 277 2390 poeteancdie
291 2335 406 2395 agreste,
418 2340 441 2384 et
453 2331 659 2397 debrenafferat.
692 2330 743 2381 Ga.
761 2330 896 2391 Recogita:
911 2331 1161 2395 tdcuscd,etputor
1176 2345 1217 2379 ec·
1283 2363 1285 2367 ψ

120 2407 173 2443 retur
188 2411 244 2446 runc
259 2413 288 2447 nc
304 2400 389 2447 mdum
407 2399 462 2447 iude
479 2398 558 2447 cenied
574 2397 642 2447 aeide
652 2395 730 2446 timeo.
764 2394 818 2444 Art.
835 2395 910 2445 Mitte
920 2395 1043 2445 timorem:
1059 2395 1138 2444 omuia
1148 2394 1217 2457 bena,

120 2460 182 2508 mata
192 2465 267 2511 tecum
275 2462 477 2526 participabimus.
504 2462 555 2512 Ga.
572 2463 669 2519 Quanta
676 2458 940 2524 pamniamobadet?
955 2462 1003 2523 die,
1015 2460 1137 2511 Pbedria.
1160 2459 1216 2511 Pa.

583 2603 746 2624 ueeeeueoe
749 2602 763 2622 O

117 2710 207 2761 babet.
223 2712 270 2761 Fa.
302 2713 375 2761 Unus
391 2720 480 2762 noster
495 2716 552 2762 900.
564 2725 688 2761 annorum
701 2711 761 2760 Tum
773 2709 863 2770 igitur,
873 2709 957 2758 ceteri
972 2709 1039 2766 Dum
1054 2709 1134 2772 igitur
1150 2711 1216 2764 licet.

119 2776 217 2823 Veram
233 2775 370 2825 tectionem
387 2779 502 2826 servavit
517 2777 622 2824 Servius
640 2776 672 2824 ad
692 2774 750 2824 AEn.
768 2787 809 2822 ιιι.
820 2776 877 2822 tae.
912 2774 976 2829 Quin
994 2775 1144 2836 igituruium
1161 2777 1218 2827 licet

117 2841 217 2899 dumque
232 2841 321 2887 adeum
353 2840 385 2888 lu
398 2840 528 2902 principio
548 2854 645 2898 versos,
660 2846 690 2889 nt
707 2839 734 2888 in
753 2837 913 2887 Membranie
932 2839 1007 2899 solet,
1027 2839 1119 2888 initiali
1138 2840 1216 2891 litera

116 2903 221 2963 omissa,
234 2910 263 2952 ut
275 2904 351 2953 minio
363 2913 452 2966 postca
461 2904 598 2966 scribatur,
609 2910 690 2953 restat
700 2917 740 2950 um
748 2918 758 2960 ,·
774 2901 843 2966 quod
861 2902 973 2960 nescias,
988 2910 1074 2951 utrum
1092 2904 1124 2952 ad
1140 2906 1216 2963 Dua.

119 2969 189 3028 dieta,
203 2969 314 3027 Cam,an
335 2968 367 3017 ad
381 2969 445 3025 Quin
464 2969 603 3031 pertineat.
635 2965 702 3016 Inde
719 2973 805 3016 errato
824 2965 934 3014 initium.
950 2967 1026 3015 Beut.
1059 2968 1124 3016 Dum
1139 2969 1216 3030 igitur

116 3033 172 3080 iicet
184 3032 230 3081 Br.
242 3033 320 3084 Both.
354 3034 420 3090 Quin
436 3034 523 3094 ι’ςὶιιιι,
536 3035 592 3087 dum
603 3033 657 3082 iicet
677 3032 738 3094 Bip.
770 3029 855 3079 Abest
877 3030 936 3078 ditm
947 3045 963 3078 a
974 3028 1063 3080 Guelf.
1075 3036 1098 3080 2.
1109 3035 1134 3081 8.
1150 3034 1217 3083 GM.

117 3103 145 3146 et
157 3097 203 3146 Br.
222 3098 340 3149 scribunt
348 3114 427 3147 assem
438 3113 485 3161 pro
503 3099 659 3148 adeun-1⁷
677 3095 753 3146 Bodl.
770 3093 817 3143 Bt.
828 3103 855 3144 et
865 3094 930 3144 GM.
945 3097 1056 3158 quidnam
1065 3095 1215 3155 eefucturue.

117 3162 197 3210 Both.
205 3161 335 3220 factumest
350 3163 425 3213 cedo!
441 3165 486 3213 Br.
497 3163 576 3212 Bent.
596 3169 655 3225 pust
665 3161 720 3211 cede
737 3173 787 3209 uon
799 3159 970 3221 interrogant.
985 3160 1017 3208 Bi
1039 3165 1084 3210 ..ct
1094 3161 1167 3212 Peri.
1177 3164 1226 3211 in-·

117 3233 252 3288 terrogant
274 3234 333 3290 post
348 3227 535 3284 secturae-18
552 3228 590 3277 M.
611 3225 737 3290 Prosequi.
756 3223 785 3272 eb
806 3223 860 3272 iiiuc
879 3224 955 3273 abest
974 3239 989 3273 a
1028 3239 1048 3274 r.
1081 3227 1218 3291 Eumpost

114 3292 222 3354 persequi
234 3289 423 3340 (incita-19
440 3291 524 3341 ANT.
551 3293 597 3342 Dii
613 3291 677 3341 bene.
706 3290 760 3339 Pto
773 3286 855 3339 ΑΝΤ.
867 3288 930 3338 edit.
943 3288 1000 3339 Ga.
1012 3291 1136 3353 usquead
1156 3293 1217 3342 ‘ta-

116 3355 196 3404 mem'
228 3353 280 3402 Sed
301 3353 463 3417 proet'erenda
474 3355 577 3406 vidctnr
593 3357 671 3406 lectio
690 3355 746 3405 ΜΒ.
758 3355 802 3419 qui
821 3368 965 3404 termonem
976 3355 1007 3402 a‘
1019 3355 1077 3405 Dii'
1089 3371 1171 3420 usque
1180 3358 1215 3407 ad

115 3420 123 3447 ‘
136 3419 212 3468 bnic'
223 3419 365 3482 Antiphoni
377 3415 477 3466 tribuit.
496 3416 588 3468 Brune.
622 3421 682 3471 Quo
699 3420 783 3467 miuus
793 3418 849 3468 baec
861 3417 1005 3483 Antipboni
1021 3420 1176 3480 tribuantur,
1187 3428 1216 3470 et
1309 3422 1312 3433 ⁸

116 3483 196 3544 Getta
206 3483 287 3544 dicta,
298 3484 368 3547 quod
379 3481 476 3532 Donati
487 3487 567 3530 aetate
575 3483 679 3546 quidam
691 3482 827 3544 putabant,
839 3487 867 3529 et
877 3483 942 3530 Μιι.
953 3485 1069 3531 nonnulii
1082 3484 1216 3546 exhibent,

116 3546 192 3608 facit,
209 3548 277 3611 quod
299 3549 370 3598 Geta
387 3547 498 3596 nondum
517 3553 662 3609 receperat,
673 3559 699 3593 se
718 3557 824 3607 operam
842 3544 963 3592 daturum
979 3546 1117 3598 Phaedriae.
1139 3547 1219 3599 Wett.

116 3612 299 3675 Pedetemptim.
331 3614 374 3662 Sic
391 3611 493 3662 codices
513 3610 606 3660 Faerni
619 3616 758 3659 vetereset
774 3607 865 3656 nostri.
899 3606 977 3669 Apud
990 3609 1105 3659 Nonium
1123 3611 1215 3660 scribi·
1304 3636 1306 3638 ·
1335 3588 1337 3596 Ι

116 3683 162 3725 tur
171 3677 330 3739 pedetentim.
363 3677 422 3726 Huc
433 3679 461 3726 iu
472 3690 546 3725 omne
558 3689 641 3739 genus
651 3674 714 3724 Mes.
724 3671 905 3728 animadverti,
923 3680 976 3721 turn
988 3674 1132 3723 veterrimis
1143 3676 1213 3727 mille

115 3746 147 3789 et
166 3740 336 3790 ducentorum
354 3755 487 3804 annorum,
509 3756 585 3806 quarn
605 3737 803 3800 recentioribus,
822 3736 863 3786 vei
883 3736 1049 3800 ‘temptare’
1069 3740 1160 3799 scribi,
1172 3741 1215 3790 vei

114 3805 218 3853 rarius¹
228 3811 338 3854 temtare
346 3804 361 3865 ξ
377 3819 516 3870 nunquam,
525 3806 594 3870 quod
605 3804 680 3854 bodie
690 3801 800 3864 obtinet,
810 3802 818 3829 ‘
831 3799 950 3852 tentaret
968 3800 1041 3852 aaut.
1073 3803 1215 3868 Pedctemp·

110 3870 163 3917 tim
181 3868 227 3917 Br.
262 3869 330 3924 Quod
348 3869 402 3930 egit
421 3868 509 3920 Gneif.
526 3868 748 3929 1.-at)1tep0att
766 3867 844 3917 Beut.
881 3865 941 3916 Vide
956 3865 1007 3928 apti
1023 3867 1102 3930 siquid
1118 3883 1144 3932 p.
1156 3884 1178 3918 u.
1188 3870 1214 3922 ir.

117 3933 197 3982 Both.
234 3932 304 3994 Vide,
320 3935 341 3980 ai
359 3935 415 3996 quid
430 3940 484 3997 pote
500 3935 551 3998 epis
565 3933 651 4001 afferri
667 3931 729 3983 duic.
767 3930 839 3981 Videt
856 3928 1043 3980 Gratti-aa
1060 3931 1115 3981 ΕΡ.
1132 3948 1214 3985 uerum

116 3999 236 4047 enimuero
246 4001 395 4047 nectua—23
413 3996 465 4046 Alii
475 4000 535 4047 maia
552 4015 588 4050 ue.
605 3995 694 4048 Gueli.
705 3999 730 4045 d.
749 3995 809 4044 botta
827 3996 932 4058 maim
949 3999 1026 4043 tecum
1041 4010 1088 4044 uua
1103 3998 1213 4048 tolerabi-

116 4066 244 4112 παι-24
261 4063 381 4119 Quantum
391 4076 447 4123 epus
457 4068 493 4111 eet
504 4064 548 4112 tibi
562 4061 665 4125 argenti.
698 4058 773 4110 Retio
786 4059 906 4109 trochaici
921 4059 1013 4120 exigit,
1029 4067 1058 4110 ut
1070 4058 1115 4110 titt
1125 4077 1214 4113 mono·

119 4127 298 4189 syliabumait.
316 4127 362 4177 Fa.
396 4125 685 4190 Quaetumopuaeettibi
700 4124 913 4189 argentathaae.
948 4122 1216 4191 utitinauamiytras
1277 4146 1281 4151 ·

116 4192 178 4242 bam
189 4191 272 4256 redigi
282 4197 370 4257 negat.
403 4190 429 4242 Α
439 4190 529 4243 codice
540 4191 663 4244 Petrensi
672 4189 749 4243 ebert
756 4189 810 4241 tibi.
844 4187 999 4253 Proloquere
1010 4188 1087 4258 CCC.
1097 4191 1212 4256 eloquere.
