2678 4694
390 310 623 361 rnonaiours
648 311 733 360 aer.
758 311 794 359 ν.
817 311 869 360 sc.
894 312 960 360 vu.
1135 293 1221 360 1035

124 460 244 543 Neque
255 457 327 540 jam
342 455 376 519 id
392 456 501 520 celare
512 447 616 539 posse
631 463 665 519 tc
680 475 821 520 uxorem
836 464 939 520 tuam.

122 561 227 626 Nunc
243 558 332 641 quod
347 557 422 639 ipsa
437 576 481 620 ex
491 558 574 621 aliis
590 557 744 621 auditura
758 558 813 635 sit,
831 558 984 635 Chreme,

123 662 167 728 Id
183 665 315 723 nosmet
329 658 422 740 ipsos
437 658 595 736 indicare,
612 659 813 740 placabilius
828 664 889 722 est.

122 762 213 828 Tum
227 759 314 823 hunc
331 759 531 840 impuratum
546 760 733 842 poterimus
747 764 864 835 nostro
879 757 981 822 modo

124 860 268 926 Ulcisci.
311 859 433 923 Paroa.
456 858 555 925 Atat!
576 861 643 923 nisi
658 858 738 922 mihi
752 859 937 942 prospicio,
951 858 1074 921 haereo.
1176 856 1222 924 70

123 962 175 1026 Hi
189 959 389 1042 gladiatorio
405 961 517 1024 animo
533 959 576 1023 ad
591 979 644 1023 me
660 958 817 1024 affectant
831 960 932 1023 viam.

123 1062 244 1128 cana.
259 1061 309 1126 At
323 1079 449 1138 vereor,
464 1068 502 1125 nt
516 1062 642 1144 placari
657 1062 779 1144 possit.
823 1061 892 1133 Da.
908 1060 1004 1124 Bono
1020 1059 1131 1125 animo
1148 1078 1197 1124 es.
1215 1117 1218 1124 .

120 1157 195 1246 ligo
208 1163 356 1244 redigam
371 1181 435 1226 vos
448 1162 482 1224 in
499 1161 859 1244 gratiamhocrretus,
875 1160 1025 1237 Chreme,

120 1264 242 1329 Gume
260 1261 374 1327 medio
388 1263 548 1340 excessit,
563 1263 651 1326 unde
665 1261 738 1326 haec
755 1269 920 1343 suscepta
934 1260 977 1326 'st
991 1263 1063 1327 tibi.

121 1365 244 1431 Priore.
266 1363 362 1428 Itane
377 1363 478 1444 agitis
492 1364 657 1427 mecuml.
674 1363 758 1427 satis
772 1368 883 1425 astute
898 1361 1124 1442 aggredimini.
1175 1366 1220 1428 75

122 1465 203 1533 Non
217 1465 327 1528 hercle
342 1482 384 1526 ex
400 1481 436 1525 re
450 1461 551 1526 istius
566 1482 620 1527 rna
634 1462 813 1544 instigasti,
826 1461 1005 1545 Demipho.

123 1564 204 1630 Ain'
220 1566 280 1629 tui
304 1564 362 1628 ubi
377 1582 525 1645 peregre,
540 1565 601 1628 tibi
617 1565 706 1646 quod
721 1564 851 1627 libitum
866 1562 943 1639 fuit,
959 1562 1090 1640 facetia,

122 1667 243 1749 Neque
253 1664 356 1748 hujus
374 1663 421 1726 sis
436 1665 575 1742 veritus,
591 1666 738 1730 foeminae
755 1664 935 1746 primariae,

118 1838 195 1885 latam
206 1854 265 1899 esse,
280 1844 304 1887 et
323 1836 516 1898 manifestatam-5
531 1842 639 1902 requeti
653 1854 705 1891 eam
719 1839 790 1890 acori
801 1846 849 1890 tuoe
860 1841 975 1892 comitare
990 1841 1043 1904 jam
1061 1855 1143 1904 posset
1158 1855 1221 1892 eune

118 1902 180 1948 illud
190 1903 331 1951 commodius
341 1910 364 1952 et
375 1903 478 1952 calidius
488 1905 534 1953 erit
544 1907 575 1953 ad
589 1905 729 1967 placandam
742 1906 930 1964 Nausistratam‚
949 1907 1016 1955 eiilli
1026 1907 1157 1966 reseramus
1168 1922 1221 1956 aoe-

119 1963 236 2026 metipsi,
247 1969 307 2028 quad
317 1967 360 2016 clii
370 1967 534 2017 muautieluri
541 1974 612 2018 suut:
627 1969 670 2017 leae
677 1973 747 2030 pacto
755 1970 827 2019 elisua
835 1973 864 2020 de
872 1971 1054 2034 lioestagitioso,
1065 1976 1088 2020 et
1099 1972 1162 2020 omri
1173 1985 1223 2020 ece·

117 2029 168 2076 lere
186 2030 446 2094 contaminatissimo
463 2031 563 2081 arbitrio
583 2033 699 2085 ultionem
716 2047 807 2081 sumen
822 2035 960 2095 poterimus.
981 2035 1050 2088 Pu.
1065 2034 1109 2093 At,
1127 2035 1221 2096 at,rrisi

119 2091 192 2139 enimi
203 2107 259 2140 meoe
270 2109 349 2150 coreo,
359 2095 384 2142 ir
395 2110 422 2143 ea
433 2096 572 2158 difficultate
587 2096 738 2143 involvendus
754 2100 777 2143 et
794 2095 950 2156 implicandus
965 2110 1026 2155 eum,
1044 2101 1071 2143 ut
1088 2097 1142 2144 iude
1157 2111 1221 2155 oegre

117 2167 156 2203 me
166 2157 296 2216 expediam.
329 2159 367 2205 Hi
378 2163 489 2219 tanquam
502 2158 654 2206 Gladiatores
663 2157 757 2204 maarai
767 2159 793 2205 iri
803 2173 839 2206 me
851 2162 960 2217 tendunt,
978 2159 1062 2206 audaci
1072 2164 1096 2207 et
1104 2159 1223 2221 pertinaci

118 2221 150 2265 ad
160 2220 259 2268 exitium
271 2235 347 2269 meum
356 2221 444 2269 auimo.
477 2221 530 2269 CH.
546 2221 581 2268 At
591 2226 667 2268 metuo
677 2224 704 2267 ut
716 2219 871 2269 Nausistrata
887 2222 995 2282 mitigari
1012 2225 1035 2269 et
1046 2222 1125 2270 sedari
1133 2221 1217 2282 possit.

117 2282 170 2330 lis.
187 2283 289 2334 Securus
299 2290 350 2333 esto
356 2300 367 2342 ,·
382 2299 426 2343 ego
437 2298 477 2332 cos
487 2285 514 2332 iu
527 2285 673 2332 concordiam
683 2285 802 2344 reducam,
813 2289 837 2332 et
848 2285 874 2333 ia
888 2286 994 2346 gratiam
1004 2285 1168 2344 reconciliabo,
1177 2286 1220 2334 hoc

115 2346 218 2409 confisus
227 2350 288 2409 quod
298 2348 348 2396 lroec
358 2348 465 2396 muliere
475 2347 537 2396 riuis
548 2347 618 2406 adiit,
628 2362 659 2395 ex
669 2361 715 2408 qua
726 2347 786 2395 darre
796 2349 913 2408 uirginem
923 2349 1054 2410 suscepisti.
1079 2349 1131 2397 ΡΗ.
1150 2349 1220 2399 linae

118 2423 158 2456 oar
172 2410 250 2470 teitau
259 2424 318 2472 erga
329 2408 481 2473 megeritie?
503 2411 570 2460 Satis
586 2425 622 2458 me
641 2411 725 2459 callide
744 2410 871 2459 adorimiai
886 2412 983 2475 scilicet.
1016 2413 1068 2460 Per
1083 2412 1220 2474 Heracleae,

118 2471 245 2535 Demipho,
266 2490 312 2524 aaa
332 2481 368 2524 eet
385 2475 445 2524 utile
461 2475 503 2523 isti
523 2474 644 2523 Chremeti
657 2489 699 2522 aee
716 2477 866 2529 commodum,
877 2478 984 2536 quadme
994 2475 1109 2524 irritasti.
1143 2475 1183 2524 Aa
1193 2482 1221 2527 tu

113 2542 183 2599 'ocra
195 2538 303 2602 Chreme,
314 2545 437 2602 postauam
448 2553 550 2601 peregre
565 2539 591 2587 ia
604 2539 693 2588 mmai
712 2552 796 2599 ageas
805 2538 902 2587 libidini
917 2545 965 2589 tue
983 2539 1135 2605 eatideeeris,
1145 2555 1186 2589 nee
1197 2546 1221 2590 tc

113 2762 187 2825 apud
200 2763 312 2811 Nonium
329 2777 352 2811 v.
364 2765 550 2828 Committere3
568 2767 621 2816 Nec
637 2766 751 2830 mysteria
769 2767 869 2825 referres
880 2765 959 2825 foras.
991 2766 1035 2815 Sie
1051 2764 1095 2814 alii
1116 2765 1219 2829 passim.

116 2825 155 2875 At
171 2825 245 2873 Beer.
259 2833 401 2888 corrector,
415 2828 448 2877 de
463 2844 539 2878 versu
556 2831 637 2894 magis
649 2845 725 2894 quam
738 2829 769 2876 de
781 2830 910 2878 sententia
921 2829 1059 2891 sollicitus,
1070 2832 1174 2880 delatum
1185 2828 1218 2881 de

116 2902 164 2937 suo
175 2887 257 2936 dedit.
290 2890 426 2941 Quintilla
436 2907 517 2954 opera
528 2895 632 2956 utrique
644 2895 735 2942 melius
752 2894 912 2941 consulitur?
940 2894 1012 2943 Vides
1019 2900 1141 2956 peccatum
1152 2900 1218 2944 tuum

115 2954 160 3002 hoc
169 2965 217 3001 eree
228 2953 315 3001 &tum
326 2954 404 3011 forae.
426 2953 505 3006 Beni.
548 2959 608 3006 Esse
623 2959 697 3006 latum
716 2960 828 3006 ssr.-6o
843 2957 851 2983 ‘
864 2957 956 3006 Nostri
968 2959 1084 3021 plerique
1097 2954 1181 3021 Neque
1192 2961 1218 3008 id

109 3016 181 3077 jam:
197 3016 256 3077 lege
267 3016 350 3079 Neque
360 3018 414 3078 jam
423 3021 498 3068 celare
508 3015 550 3069 id!
561 3021 640 3070 Bent.
649 3026 676 3070 et
688 3020 726 3069 sic
735 3021 812 3070 Both.
824 3021 962 3070 Peri-67
979 3021 1054 3071 Bam.
1065 3023 1199 3071 auditurast
1208 3040 1218 3080 ,-

115 3080 163 3131 ted
173 3093 262 3128 versus
273 3079 381 3144 laborat,
391 3081 440 3131 nisi
451 3084 493 3132 vel
505 3085 564 3133 duae
576 3086 665 3147 primae
678 3084 815 3144 dictiones,
823 3082 895 3133 facta
907 3084 958 3133 dial
977 3086 997 3133 si
1010 3085 1036 3132 in
1046 3086 1218 3148 quod,consti·

116 3148 193 3194 tuunt
203 3143 345 3206 dactylum,
356 3147 397 3194 vel
409 3148 465 3210 ejus
477 3148 597 3197 dictionis
615 3156 744 3212 postrema
763 3149 850 3196 litters
862 3149 934 3208 elisa,
952 3101 1048 3196 deinde
1069 3151 1150 3198 vocali
1171 3163 1218 3212 per

116 3208 286 3271 synaloephen
298 3209 410 3272 abjecta,
421 3214 447 3260 in
459 3214 541 3274 primu
550 3214 612 3262 sede
629 3214 664 3262 sit
675 3211 816 3275 spondeus,
832 3213 858 3260 in
876 3213 991 3261 secunda
1003 3226 1075 3275 vero,
1086 3227 1137 3262 non
1148 3213 1219 3263 faeta

116 3271 233 3325 vicissim·
242 3273 390 3334 synalaepha
400 3275 425 3322 in
437 3277 596 3340 sequentium
609 3278 749 3327 dictionum
762 3276 888 3326 vocalium
900 3276 1159 3337 concursu,1ambus.
1172 3279 1219 3328 Fa.

116 3335 209 3384 Nostri
219 3336 331 3383 auidum
340 3336 384 3396 sit,
396 3351 470 3387 versu
482 3341 665 3402 ipscjuhente.
677 3343 752 3390 Beat.
781 3342 850 3397 Quod
860 3356 888 3390 ea
897 3341 974 3390 Both.
990 3341 1126 3391 auditumst
1133 3342 1217 3395 Zeno.

117 3403 183 3448 -68
199 3399 291 3447 Tacite
311 3399 374 3461 ipsos
392 3400 471 3451 Bent.
482 3401 563 3452 Zeun.
575 3406 651 3454 Both.
663 3407 862 3454 omittunt-70
878 3405 943 3454 Hiat
963 3420 1053 3455 versus
1070 3412 1161 3454 eontra
1178 3419 1218 3454 ar·

117 3469 172 3512 tem
183 3468 212 3510 et
223 3462 313 3510 Nostri
325 3477 431 3511 morem.
462 3465 739 3527 Reponeatattctaisi.
757 3469 835 3515 Beni.
861 3467 1126 3517 vicedonum-rt
1144 3468 1217 3518 Wrtt.

116 3525 207 3576 Guelf.
218 3530 242 3574 2.
254 3527 396 3576 excesserit:
411 3542 471 3576 mox
480 3528 617 3592 distinguit
627 3531 705 3578 Bent.
717 3530 765 3587 sie,
774 3529 834 3577 satie
844 3535 937 3578 astute:
953 3531 1130 3591 adgredimiai:
1152 3532 1160 3556 ‘
1173 3532 1217 3580 abi

114 3590 177 3639 satis
186 3594 263 3638 astute
274 3590 362 3639 lronia
373 3591 430 3640 eet!
445 3593 603 3654 adgredimiai
613 3609 650 3642 me
668 3594 770 3642 M.-ra
788 3592 933 3642 Palmerius
944 3607 1001 3642 curn
1013 3592 1079 3641 Bod.
1091 3593 1165 3641 Witt.
1178 3595 1216 3644 M.

115 3654 172 3702 ΕΡ.
182 3654 234 3701 Aia
245 3657 271 3701 tu
281 3657 391 3704 taudem:
408 3661 436 3704 et
446 3657 485 3704 sic
499 3657 545 3706 Br.
556 3664 584 3705 et
597 3658 650 3706 Me.
665 3658 696 3706 R.
710 3662 738 3704 et
749 3656 782 3706 V.
795 3657 825 3705 C.
839 3656 907 3716 apud
920 3655 996 3706 Llnd.
1030 3656 1078 3704 ‘ln
1089 3657 1164 3706 Bam.
1177 3658 1214 3707 itu

115 3717 211 3778 legitur
222 3734 228 3763 :
244 3716 294 3766 Ain
305 3715 353 3768 tu?
368 3719 410 3768 udi
419 3735 470 3782 ques
481 3720 656 3778 lihitumsuerit
666 3734 764 3782 peregre
774 3719 873 3777 seceris.
892 3719 959 3783 quod
971 3727 998 3768 et
1009 3721 1176 3781 numerosius,
1187 3729 1216 3772 et

115 3781 226 3830 sermoni
238 3781 369 3830 cotidiano
381 3782 599 3833 accommodatius
609 3789 657 3833 eet.
674 3785 720 3833 Fu.
738 3784 812 3832 Bera.
823 3782 865 3832 hic
876 3791 966 3832 recte:
984 3783 1065 3832 nostri
1077 3784 1215 3836 mendose:

114 3845 167 3894 Aio
176 3850 203 3894 tu
214 3848 317 3907 tanum,
327 3845 367 3894 aii
376 3861 473 3908 peregre
483 3848 527 3897 tihi
541 3850 601 3910 quad
613 3847 714 3896 luditum
725 3845 805 3905 suerit
815 3845 912 3904 seceris.
945 3849 1014 3896 Cave
1027 3861 1088 3895 vero
1105 3862 1152 3910 pro
1164 3849 1215 3898 Aia

114 3914 152 3967 tu,
164 3922 220 3958 cum
232 3910 343 3971 quodam
355 3910 494 3961 substituas
505 3913 545 3961 Aa
557 3916 593 3961 tu.
627 3912 680 3960 Cur
698 3911 766 3959 hoc?
784 3910 854 3962 Quia
872 3911 934 3959 nihil
955 3911 1101 3972 praecessit,
1120 3913 1214 3974 iuquit,

116 3973 149 4020 ad
162 3973 231 4046 quod
242 3971 388 4022 referatur:
404 3974 479 4024 Beni.
510 3975 678 4025 ‘Lectionum
690 3975 765 4025 Bern.
777 3974 880 4038 quidam
896 3973 962 4023 editi
980 3972 1119 4025 exhibent?
1138 3976 1214 4026 West.

116 4041 144 4084 et
155 4050 193 4084 erc
204 4035 264 4098 Bip.
275 4037 358 4085 Zeuu.
383 4037 432 4096 udi,
440 4053 491 4101 qaia
495 4039 575 4098 suerit
581 4039 690 4096 luditum,
698 4052 796 4100 peregre
800 4038 891 4098 feceris
901 4038 1044 4087 Rota-ia
1061 4039 1164 4088 Novum
1176 4045 1213 4089 tu·

113 4113 175 4168 naen
185 4099 299 4164 videtur,
313 4100 408 4151 Veritus
422 4102 500 4167 Jungi
518 4103 641 4168 genitivo.
672 4103 778 4167 Guyeto
789 4102 815 4151 in
827 4101 936 4152 scholiis
949 4103 1012 4154 Ma.
1024 4101 1105 4164 Haisa
1116 4105 1213 4176 glosre3
