2678 4694
361 300 623 383 snnnrnonuu
647 333 732 383 eor.
748 334 790 382 u.
812 333 864 387 so.
881 336 907 386 1.
955 378 958 388 ,
1104 325 1171 395 ml

10 496 13 537 ;
71 465 231 542 ‘Nimium
250 474 338 540 istoc
353 477 474 542 abisti:
495 477 549 541 hic
564 481 697 561 propter
710 476 798 543 hunc
813 479 942 545 assiste.
986 477 1096 564 Hem3
1118 483 1170 549 sie

206 577 296 642 volo.
739 588 744 595 '

10 696 14 733 ·.
75 678 169 745 Cave
192 699 279 744 nunc
296 681 367 765 jam
395 683 515 746 oculos
536 698 558 746 n
580 681 663 746 meis
688 679 795 746 oculis
808 700 977 767 quoquam
991 585 1171 755 demone&

204 784 302 846 tuos:
1046 830 1050 834 -

73 881 129 947 Ne
142 901 241 946 mora
254 883 311 961 sit,
327 883 358 947 si
371 882 521 966 innuero,
535 884 615 969 quin
629 903 760 968 pugnus
776 886 933 952 continno
947 887 982 952 in
996 888 1086 953 mala
1099 887 1169 956 he-

204 989 286 1048 reat.
982 998 985 1005 '

72 1085 166 1150 Snre.
190 1084 284 1150 Istuc
297 1087 376 1151 volo
397 1107 476 1169 ergo
496 1087 608 1171 ipsum
622 1088 775 1171 experiri.
821 1090 899 1155 AEs.
921 1090 1032 1156 Hem!
1053 1109 1168 1157 servs:

151 1210 155 1215 ⁴
207 1188 324 1252 omitte
338 1189 519 1254 mulierem.

70 1290 168 1356 Ssu.
192 1289 222 1352 0
251 1289 383 1354 facinus
406 1289 592 1372 indignum!
638 1292 714 1356 AEs.
737 1289 941 1371 Geminabit,
964 1293 1032 1358 nisi
1055 1312 1168 1359 caves.

92 1388 96 1395 '
205 1391 296 1456 Seu.
320 1391 391 1455 Hei
405 1393 634 1458 miseramihi!

71 1491 151 1557 AES.
175 1491 254 1556 Non
267 1493 454 1560 innuerem:
477 1515 591 1560 verum
613 1496 647 1558 in
668 1495 767 1559 istam
778 1501 905 1579 partem
919 1495 1168 1579 potinspecca-

206 1599 242 1658 to
257 1600 377 1658 tamen.
1124 1599 1169 1667 20

69 1779 136 1829 sisti.
170 1779 455 1843 Hiemopebnnemene.
489 1780 562 1829 Hem.
594 1779 1169 1840 Sieeelesaeiauridenreeniarttoemertar

69 1859 87 1892 a
96 1843 156 1892 meir
163 1845 245 1906 omlis,
258 1845 382 1900 Parmeno,
393 1845 584 1905 memineratis,
599 1846 622 1893 ri
632 1849 689 1893 rnatu
699 1847 816 1896 emiorum
825 1848 998 1914 significavero,
1015 1851 1072 1912 quin
1080 1847 1168 1912 punis

69 1909 141 1958 mein
156 1910 248 1957 tenomr
264 1911 444 1958 contendantur.
476 1908 521 1959 SA.
537 1910 606 1958 Istud
624 1911 762 1971 igiterrota
772 1911 929 1975 iprumqnod
938 1915 1046 1976 minarir,
1056 1912 1169 1975 experiri.

70 1973 125 2022 AEs.
144 1973 217 2032 Hern,
229 1974 353 2031 Parmeno,
365 1972 454 2020 custodi
463 1975 580 2037 pnednmr
596 1979 632 2034 tn,
643 1976 704 2035 term,
713 1976 965 2041 emitteitiamrapere.
982 1978 1028 2028 SA.
1048 1977 1169 2034 Osaetnm

69 2036 199 2098 iniquum
229 2037 281 2086 AEs.
305 2036 441 2100 antieabit
473 2039 558 2099 plagas
578 2038 706 2099 Parmeno,
727 2040 775 2086 nisi
794 2040 910 2102 prospieis
928 2041 983 2092 tibi.
1015 2043 1060 2091 SA.
1087 2042 1109 2089 0
1131 2054 1168 2088 me

69 2099 202 2150 mimm!
232 2101 286 2152 AEr.
316 2102 369 2149 Non
386 2101 516 2163 innuerem,
537 2102 665 2161 Parmeno,
686 2109 712 2149 nt
731 2102 846 2152 Sanrieni
866 2105 969 2154 altem
989 2106 1110 2170 eetcpbnm
1131 2101 1169 2152 ir·

64 2165 214 2226 fringerer,·
237 2180 317 2213 nemim
344 2166 403 2227 qued
429 2169 454 2213 tn
474 2165 584 2214 cecideris
608 2180 669 2225 enm,
688 2166 764 2216 ratius
780 2168 875 2226 sertam
898 2170 1030 2224 essedum.
1049 2167 1168 2230 etpotisr

69 2229 141 2292 inibi,
156 2235 296 2292 mutamque
312 2234 359 2294 ert,
379 2244 449 2293 quam
469 2231 492 2279 ei
512 2245 558 2278 non
569 2229 675 2289 seeirrer.
708 2231 757 2279 Abi
775 2231 900 2291 nunciam
919 2248 972 2282 earn
989 2233 1092 2295 virgine,
1103 2233 1167 2281 Par-

531 2386 711 2406 MNO

69 2490 135 2536 -15
153 2484 238 2535 Hem!
253 2487 357 2538 eierolm
389 2486 457 2537 Haec
475 2486 502 2536 in
520 2485 575 2537 EA.
587 2488 640 2537 ΕΤ.
659 2494 686 2537 et
698 2488 755 2537 ΕΡ.
775 2488 896 2537 Sannioni
912 2486 1069 2537 tribuuntur.
1090 2487 1168 2540 Weet.

68 2552 116 2602 SA·
134 2549 198 2612 bern,
214 2553 248 2600 rie
265 2553 324 2602 noio.
357 2550 396 2602 AE.
415 2551 478 2600 Care
493 2567 562 2601 nnnc.
597 2553 637 2600 Ex
660 2553 814 2602 auctoritate
832 2553 890 2601 iibri
913 2553 1033 2601 Bembini
1050 2564 1168 2614 personne

67 2615 109 2665 bis
120 2614 207 2664 verbis
217 2615 338 2679 escriptae
358 2615 509 2665 deleantur:
527 2623 588 2664 sunt
599 2617 667 2664 enim
679 2618 764 2666 omnin
774 2616 856 2665 verba
867 2616 988 2664 AEscbini.
1006 2617 1051 2664 Fa.
1084 2617 1128 2662 Sic
1140 2624 1168 2666 et

65 2678 152 2729 nostri
170 2678 299 2729 meliores.
316 2679 392 2730 Bent.
425 2681 554 2730 Personas
571 2679 680 2729 ascribit
697 2682 808 2729 lie-16
826 2680 941 2729 Pluscuii
959 2679 1024 2728 Mes.
1042 2677 1167 2731 (timerent.

68 2741 116 2793 Bi.
133 2746 267 2793 dematnas:
283 2744 327 2793 sed
347 2750 421 2793 notat
442 2745 542 2792 Bruns:
562 2743 655 2793 ‘Edit
674 2746 801 2799 demoveas,
822 2751 900 2807 atque
924 2743 962 2791 sic
978 2756 1047 2791 nnnc
1066 2743 1168 2792 codex?

67 2806 189 2858 ‘Oculos
208 2807 345 2856 demovere
367 2807 502 2858 dicendum
519 2813 569 2870 est,
586 2820 635 2855 non
656 2807 806 2856 dimovere.’
822 2807 855 2856 R.
875 2808 975 2856 D.—1r
993 2806 1022 2854 Si
1041 2804 1167 2858 innuerim.

67 2872 175 2923 Innnero
185 2873 261 2921 estin
271 2871 387 2921 omnibus
397 2869 560 2920 recentibus:
578 2885 624 2919 nos
633 2879 718 2920 temen
730 2871 868 2921 lectionem
876 2869 1006 2934 antiquam
1013 2885 1165 2933 sequemur:

67 2936 108 2987 itu
119 2942 162 2986 est
172 2936 319 2985 octonarius
337 2935 470 2997 iambicus,
484 2943 513 2985 nt
525 2934 674 2997 praecedens
694 2942 722 2985 et
739 2936 791 2985 dno
803 2943 949 2998 sequentes.
968 2931 1013 2982 Fa.
1046 2933 1168 2998 Antiqui.

68 3014 127 3050 ores
149 3001 232 3049 nostri
255 3001 378 3050 innuerim.
396 3001 473 3050 Bent.
506 3000 630 3050 innuerim
648 2999 711 3049 dant
733 2998 822 3053 Guelf.
845 3003 868 3048 3.
889 2999 934 3048 Br.
953 2997 985 3048 Z.
1009 2997 1086 3048 Both.
1105 2998 1166 3062 Bipt

68 3064 158 3114 ‘Men
170 3065 273 3129 quidam
284 3065 310 3114 ir
328 3066 430 3114 maiam:
465 3064 514 3113 uod
533 3064 682 3115 Plautinum
700 3064 759 3115 est!
779 3065 920 3115 νήει-18
939 3063 975 3110 Μ.
986 3077 1029 3124 ego
1040 3077 1087 3126 pro
1102 3077 1166 3127 erga.

67 3127 310 3194 [ltnetGueifi2.]
337 3129 413 3178 Bodi.
465 3128 520 3178 ern!
534 3135 635 3178 serente.
650 3129 733 3178 West.
766 3129 858 3176 Omitte
876 3127 1166 3178 numennumen

67 3200 131 3257 port
142 3193 205 3242 aiios
216 3193 351 3241 nonnullos
362 3193 517 3242 Parmenoni
530 3195 628 3244 tribuit.
661 3193 693 3243 ln
702 3194 736 3244 G.
749 3200 835 3242 nutem
846 3192 931 3241 omnia
941 3192 1006 3252 bac,
1016 3192 1080 3240 Hem
1089 3206 1165 3243 mea.

70 3257 166 3306 osane
187 3259 316 3318 mutierem,
332 3258 480 3306 tribuuntur
501 3257 667 3307 Parmenoni.
701 3258 767 3307 Idem
788 3259 815 3305 in
835 3257 899 3306 And.
934 3256 1026 3305 Omitte
1046 3257 1167 3306 mutierem

67 3321 632 3373 ParmenonitribunntBent.Z.Pcrl.-19
648 3323 714 3372 Mss.
723 3320 837 3387 quidam,
846 3321 985 3369 Omiseram
990 3319 1104 3379 sueinus!
1122 3321 1167 3371 lta

68 3393 98 3436 et
108 3383 167 3437 ΕΑ.
177 3393 206 3435 et
218 3387 273 3435 ΕΡ.
300 3385 410 3437 Quidam
422 3386 518 3435 vetusti
530 3387 716 3447 Codices,cum
739 3386 795 3435 EA.
819 3385 869 3434 Hei
883 3382 1021 3434 miseriam!
1038 3385 1166 3449 quomodo

68 3449 136 3501 etin
149 3449 256 3500 Donato
275 3451 373 3513 reperit
392 3450 490 3512 Rivius,
500 3456 528 3498 et
539 3451 621 3499 edidit
638 3449 702 3499 Rob.
730 3449 885 3512 Stephanus.
917 3448 968 3497 Sed
985 3456 1012 3497 et
1029 3450 1106 3497 estin
1122 3449 1166 3497 Tr.
1257 3485 1264 3493 ,

69 3515 196 3577 Quinque
206 3515 271 3565 Mss.
290 3513 429 3564 Leidenses
450 3521 478 3562 et
497 3514 574 3563 Bodt.
591 3529 648 3562 cum
666 3515 721 3564 ΕΡ.
745 3515 779 3562 Ei
797 3510 933 3562 miseriam!
961 3511 1026 3572 Alii,
1037 3512 1088 3559 Hei
1098 3511 1166 3561 mise·

67 3578 145 3629 nm!
160 3578 243 3627 West.
277 3578 411 3639 Osaeirrns
430 3577 575 3640 indignum!
592 3578 738 3639 Geminabit,
756 3578 803 3626 riri
821 3592 896 3626 coner.
930 3576 980 3626 Hei
999 3575 1081 3623 misero
1098 3573 1166 3626 mibi.

67 3644 114 3692 Sic
133 3642 209 3692 dedit
226 3642 273 3692 Fe.
288 3643 375 3693 nescio
384 3642 462 3693 unde.
494 3643 591 3691 Versus
607 3643 678 3705 justo
698 3642 798 3705 longior
817 3648 874 3702 est;
890 3647 945 3690 ete
963 3639 1045 3688 Libris
1062 3637 1166 3699 scriptis

67 3707 177 3757 nimium
192 3713 316 3770 quantum
329 3707 456 3757 abscedit.
488 3707 578 3756 Nostri
592 3707 614 3754 0
625 3706 734 3754 miserum
741 3705 849 3768 serim,
859 3704 1002 3764 velsaeimre
1012 3702 1130 3757 miseriem,
1139 3709 1167 3752 et

67 3771 121 3821 Hei
138 3772 264 3821 miceriam.
298 3772 414 3834 Repone,
428 3773 451 3819 0
465 3771 565 3831 sneinne
583 3768 758 3819 mirerandrrm!
775 3769 922 3832 Geminabit,
938 3767 987 3817 nisi
1007 3780 1082 3815 caece.
1115 3766 1167 3821 Hei

68 3833 210 3885 misniam!
225 3835 269 3885 Sic
285 3836 365 3885 Phor.
377 3850 403 3886 v.
415 3839 439 3884 9.
451 3841 490 3886 19.
521 3836 595 3885 ‘Pro
612 3834 638 3883 di
657 3834 824 3890 immortales,
835 3833 935 3883 facinus
955 3829 1125 3879 miserandum
1137 3839 1166 3881 et

68 3899 186 3954 matam)
218 3899 286 3950 And.
305 3903 429 3949 menn
463 3900 505 3951 ‘0
525 3897 625 3948 facinus
647 3896 916 3947 animadvertendum!
934 3894 1004 3946 Quid
1025 3894 1166 3946 clamitas?

69 3964 145 4014 Beni.
181 3965 204 4012 0
219 3965 327 4013 miserum
339 3961 456 4025 sacinnr!
484 3964 543 4013 Nisi
559 3977 635 4023 caree,
642 3962 772 4023 geminabit
792 3961 871 4013 Both.
905 3958 1046 4008 Omiseram
1060 3959 1165 4023 facinus,

71 4027 201 4077 ....Hei
215 4029 333 4078 micerium
346 4030 415 4078 Perl.
447 4027 499 4077 ‘In
516 4029 569 4077 Ms.
581 4027 614 4077 R.
625 4026 750 4087 indignum
761 4025 843 4074 deest.
876 4023 949 4074 Idem
964 4023 1041 4072 babet
1054 4025 1166 4074 Eimire‘-

70 4090 150 4141 rrmI'
169 4092 245 4142 Lind.
280 4093 423 4141 Omieerum
434 4093 547 4151 sueinus.
561 4092 651 4142 ...Ei
666 4086 802 4140 miseriam!
818 4088 864 4137 Br.
899 4089 922 4136 0
936 4087 1026 4150 saeinn’
1037 4088 1166 4145 mineram!

114 4191 120 4206 .
131 4156 181 4207 Hei
198 4156 332 4207 muniam!
347 4158 409 4222 Rip.
422 4172 480 4221 qne
492 4158 530 4207 sic
541 4164 631 4208 notati
647 4153 732 4205 ‘Inde
747 4160 820 4207 certe
835 4151 868 4205 ab
888 4153 996 4205 Erasmo
1008 4153 1076 4219 mig.
1086 4153 1165 4216 indie·
1178 4162 1179 4166 ’
