2678 4694
322 295 642 344 unrurourruon.
665 294 749 342 ser.
774 293 824 342 ιν.
849 294 901 342 se.
925 293 981 342 111.
1137 280 1205 345 ,621

97 443 222 508 Senem
238 443 401 503 vostrum.
431 435 497 502 Su.
514 437 636 515 Immo,
653 441 690 500 ut
703 443 794 502 reeta
807 438 866 502 via
880 457 950 502 rem
965 444 1075 504 narret
1090 439 1208 504 ordine

133 600 140 607 .
231 559 376 604 omnem.
422 537 486 601 Cn.
510 539 622 601 Hem!

97 641 205 709 Satin’
221 661 327 706 sanus
344 659 393 727 eS,
410 643 467 703 aut
482 640 641 703 sobrius?
665 646 701 703 tu
718 639 851 721 quidem
861 641 956 705 illum
969 642 1069 724 piune
1081 643 1208 724 prodis.

97 744 269 827 Numqui
283 743 341 807 ille
358 740 480 824 poterit
494 760 569 806 esse
584 742 619 803 in
634 742 734 805 tutol
757 741 813 806 dic
828 743 920 806 mihi.
1160 744 1209 837 ἥρ

100 845 164 910 Su.
189 843 283 909 Huic
299 842 452 927 equidem
468 843 611 907 consilio
626 844 774 927 palmam
792 843 856 908 do:
877 845 932 908 hic
960 863 1014 909 me
1034 842 1210 928 magnifico

132 949 135 954 ’
233 946 347 1021 effero,

106 1047 172 1126 Qui
185 1047 254 1110 vim
265 1051 393 1110 tantam
410 1032 444 1109 in
457 1063 521 1120 me,
532 1049 564 1107 et
574 1049 775 1126 potestatem
787 1044 929 1110 habeam
942 1052 1043 1112 tuntae
1060 1047 1211 1124 astutiae,

109 1148 198 1215 Vera
213 1148 358 1213 dicendo
381 1155 420 1212 ut
440 1167 501 1210 eos
517 1147 635 1210 ambos
649 1145 784 1224 fullam3
807 1154 855 1226 ut,
872 1168 946 1212 cum
962 1157 1072 1213 narret
1087 1166 1190 1214 senex

110 1250 234 1317 Voster
259 1258 386 1329 nostro,
415 1248 517 1315 istam
550 1269 627 1316 esse
665 1250 809 1314 amicam
848 1253 951 1333 girati,
992 1271 1060 1316 non
1096 1250 1211 1315 credat

235 1359 358 1418 tumen.

115 1451 170 1537 Cn.
191 1451 243 1518 At
258 1455 344 1518 enim
360 1472 456 1536 spem
476 1453 566 1516 istoc
586 1460 689 1534 pacto
714 1473 844 1517 rursum
869 1455 1062 1536 nuptiarum
1078 1471 1211 1517 omnem

237 1557 361 1638 eripis:
1167 1555 1212 1617 35

117 1654 210 1734 Num,
230 1656 311 1720 dum
325 1658 469 1721 amicam
482 1657 567 1720 hanc
581 1677 691 1721 meam
706 1677 781 1722 esse
797 1658 924 1737 credet,
944 1676 1011 1722 uon
1027 1656 1213 1720 committet

237 1757 352 1824 filiam.
814 1843 817 1850 Ι

119 1857 164 1923 Tu
175 1860 335 1938 fortasse,
351 1860 431 1945 quid
444 1879 498 1925 me
512 1860 583 1939 fiat,
600 1863 697 1944 perri
712 1862 848 1945 pendis,
864 1860 945 1925 dum
956 1862 1011 1954 'illi
1026 1864 1191 1926 consulas.

120 2089 184 2125 tmen
199 2083 305 2127 cedrum
322 2078 486 2126 Chremetem?
508 2077 565 2127 ΒΥ.
585 2077 651 2132 Quin
666 2077 748 2139 potius
764 2092 807 2138 ego
821 2080 881 2137 nolo,
891 2082 918 2125 ct
930 2091 984 2125 cere
994 2077 1216 2126 etcinedioerticu·

121 2139 146 2189 lis
154 2141 270 2190 uerborum
279 2157 338 2202 rem,
348 2148 437 2192 utorio
447 2147 491 2203 est,
500 2148 626 2191 recenseat.
660 2142 706 2190 Cu.
725 2142 797 2203 Hem,
806 2141 897 2190 aarum
906 2155 970 2188 sonoe
982 2142 1113 2190 mentirer?
1127 2157 1159 2189 cn
1169 2156 1217 2190 non

121 2203 265 2264 temulentus?
284 2209 357 2255 Certe
367 2211 394 2254 tc
404 2208 485 2268 prodis
497 2207 664 2269 Clitiphonem.
698 2207 762 2255 Nom
773 2208 884 2267 quomodo
900 2205 988 2266 poterit
998 2205 1038 2253 illc
1048 2218 1098 2254 esre
1108 2205 1217 2268 tulensi

120 2275 179 2327 mter·
187 2271 236 2330 ejus
245 2271 341 2333 negotia
350 2271 493 2321 resciverit?
509 2272 547 2320 dic
558 2272 625 2319 mihi.
658 2270 705 2319 Su.
726 2270 797 2319 Certe
807 2271 861 2318 huic
872 2285 922 2317 meo
938 2274 1065 2318 commuto
1074 2269 1165 2332 primos
1174 2271 1217 2319 dc-

118 2331 162 2387 scro
168 2352 177 2392 ,·
194 2335 223 2382 de
231 2335 275 2383 huc
284 2350 311 2383 re
321 2335 381 2384 milri
396 2337 484 2396 pluceo,
495 2341 519 2383 et
529 2336 656 2397 triumpho,
672 2336 712 2397 proi
723 2335 819 2384 habeam
835 2337 973 2396 potestatem
985 2339 1060 2383 tantoe
1069 2336 1182 2383 versutie
1192 2341 1216 2384 ct

120 2394 210 2460 houm,
221 2405 249 2446 ut
258 2400 355 2448 dicendo
366 2414 422 2447 uero
437 2399 478 2448 hos'
488 2400 566 2447 omhos
577 2414 642 2448 senes
658 2399 780 2463 decipiam.
819 2400 854 2447 Ut
865 2399 956 2460 quando
967 2404 1043 2447 uester
1054 2399 1218 2458 Menedemus,

124 2461 175 2512 dicet
191 2469 274 2512 nostro
286 2463 407 2512 Chremeti
425 2463 496 2512 istum
508 2463 653 2512 Bacchidem
671 2477 720 2512 esse
737 2464 837 2511 umicom
850 2463 1000 2524 Clitiphonis,
1019 2467 1097 2511 tunwn
1108 2462 1219 2512 Chremes

124 2528 199 2576 tullum
212 2527 286 2590 fidem
297 2528 369 2576 dictis
386 2527 451 2575 illius
467 2527 586 2577 adhibeat.
621 2528 668 2577 Cu.
685 2526 733 2576 Sed
752 2535 814 2576 certe
834 2541 915 2575 rursus
926 2527 1012 2576 adimis
1022 2529 1082 2575 mihi
1092 2527 1135 2574 hoc
1151 2529 1218 2576 morlo

125 2601 201 2640 omrem
211 2606 276 2654 spem
287 2592 423 2655 nuptiarum
434 2592 564 2654 Antiphilae
569 2609 579 2650 ;
594 2593 714 2639 nuendum
729 2593 779 2653 ipse
792 2591 903 2639 Chremes
913 2594 991 2638 credet
1002 2591 1062 2638 hunc
1073 2591 1219 2639 Bacchidem

125 2667 176 2705 one
186 2657 273 2712 umori,
283 2671 331 2704 non
341 2657 419 2705 tradet
429 2656 489 2704 mihi
493 2656 572 2720 filiam
583 2671 649 2717 suum
660 2670 766 2704 uxorem.
800 2655 911 2703 Fortasse
921 2661 956 2715 tn,
967 2653 1037 2717 Syre,
1047 2668 1131 2717 porum
1140 2668 1219 2714 curos,

125 2721 220 2785 ttidfiet
232 2723 317 2778 derne,
329 2722 384 2769 dum
394 2722 460 2769 modo
473 2721 599 2784 provideas
620 2719 761 2781 Clitiphoni.
793 2719 838 2768 St.
858 2718 1046 2784 Quid(malum)
1061 2723 1161 2781 putasne
1176 2733 1220 2780 per

576 2884 757 2916 hunnum

124 3015 362 3063 drehetecxorem:
379 3028 428 3064 erse
445 3013 504 3064 hunc
522 3016 551 3064 'C-
569 3015 646 3066 Beut.
680 3015 752 3064 Hanc
769 3012 906 3063 Bacchidem
925 3011 990 3062 dicos
1009 3026 1058 3062 esre
1077 3006 1221 3073 Clitiphonis

125 3076 205 3127 Guelf.
226 3083 251 3128 8.
268 3076 304 3126 ci.
321 3078 390 3126 inira
406 3085 432 3127 5.
449 3083 489 3128 19.
504 3079 561 3128 haec
573 3080 629 3129 fere
641 3081 763 3128 esd-2⁷
781 3080 860 3142 Vulg.
878 3079 1015 3128 continue:
1034 3079 1069 3126 Et
1084 3076 1222 3127 scilicet...

124 3138 182 3204 Syro
193 3142 293 3192 rectius
305 3143 341 3190 Et
350 3142 481 3205 tribuitur,
493 3146 611 3206 pergenti
623 3146 758 3206 imperare.
775 3143 849 3193 Both.
882 3144 976 3193 ‘Bem.
989 3157 1073 3192 orare:
1090 3143 1157 3207 quod
1170 3156 1223 3190 tnu-

123 3206 156 3266 gis
166 3206 272 3256 videtur
284 3207 438 3256 convenire:
458 3210 587 3257 nonenim
602 3217 675 3259 tenta
687 3223 729 3258 res
739 3215 794 3257 erut
806 3216 835 3256 ut
847 3208 1012 3269 msgusmole
1022 3221 1128 3269 precum
1140 3205 1222 3270 impe*-

125 3271 211 3320 trsnda
222 3276 310 3320 esset:
329 3272 374 3319 sed
385 3284 463 3330 orare,
473 3286 563 3321 versus
576 3275 642 3322 ratio
661 3288 711 3322 uon
731 3272 857 3333 admittit,
869 3273 918 3322 nisi
938 3273 1008 3335 legas
1027 3285 1095 3320 orare
1111 3271 1222 3334 putrem}

123 3347 174 3397 quse
191 3335 332 3384 collocutio
349 3336 428 3385 etiem
443 3350 483 3395 ex·
494 3337 562 3385 libro
577 3339 675 3403 scripto
693 3338 748 3387 est!
766 3338 811 3386 Fo.
844 3336 890 3386 ‘st
901 3352 969 3386 orare
986 3335 1127 3395 adsciscis3
1143 3336 1222 3384 etism

123 3395 165 3448 lroc
175 3400 254 3449 modo
267 3399 384 3462 poteris:
402 3402 438 3448 Et
447 3400 594 3462 scillcetjom
609 3418 645 3452 mc
654 3405 725 3465 coles,
736 3404 778 3450 hoc
786 3406 879 3465 putrem
888 3416 957 3451 orare
966 3405 994 3450 ut
1005 3402 1072 3451 celet.
1104 3399 1157 3449 Sed
1168 3415 1222 3448 om-

123 3475 164 3513 ues
175 3465 260 3513 nostri
272 3463 387 3514 consere!
405 3465 549 3515 Bene—28
566 3467 644 3516 Both.
662 3467 746 3516 Senem
762 3467 869 3527 omittit,
886 3474 913 3515 et
925 3472 1010 3528 prout
1024 3465 1086 3529 legit
1098 3465 1144 3512 nti.
1178 3458 1223 3512 In-

123 3532 235 3592 terrogst
254 3527 301 3578 Br.
324 3535 382 3589 post
397 3534 510 3578 rostrum.
527 3531 607 3593 Vulg.
626 3547 716 3579 omnem
736 3531 938 3580 omittitur.-29
955 3531 1050 3580 Prodls.
1070 3529 1126 3576 Vox
1141 3528 1223 3590 magis

122 3591 289 3655 Terentiana,
310 3606 386 3655 quum
405 3608 465 3655 quse
485 3609 500 3642 e
518 3595 563 3643 Fa.
581 3609 614 3642 ex
633 3596 706 3644 Bem.
727 3602 754 3644 et
775 3595 831 3644 aliis
852 3593 1009 3655 defenditur,
1026 3593 1114 3654 perdis.
1140 3591 1223 3641 West.

121 3658 229 3707 'Nostri
250 3671 339 3706 omnes
355 3657 451 3719 prodis:
475 3658 542 3722 quod
562 3660 643 3708 multo
662 3658 772 3708 melius!
797 3661 871 3709 Bent.
905 3659 993 3709 Perdis
1012 3659 1072 3719 Bip.
1093 3655 1224 3715 Delph.-

121 3723 151 3770 80
167 3721 291 3770 Senarius
309 3720 351 3769 hic
364 3722 513 3784 intervenit,
525 3724 584 3785 quis
596 3723 683 3774 statim
697 3724 728 3772 ad
742 3723 812 3772 aliud
828 3737 948 3772 versuum
970 3735 1050 3785 genus
1068 3719 1224 3768 transiturus

120 3793 175 3835 erat
185 3786 277 3848 Syrus.
311 3785 359 3833 Vir
370 3786 449 3847 igitur
459 3787 587 3848 eruditus,
600 3789 642 3852 qui
655 3788 715 3837 hinc
725 3787 793 3837 forte
806 3788 934 3837 excidisse
947 3792 1022 3850 putet
1038 3785 1080 3832 hoc
1098 3783 1120 3831 si
1133 3781 1226 3846 fecero,

120 3857 147 3900 nt
158 3850 201 3900 hie
213 3863 305 3898 versus
317 3863 364 3912 par
375 3850 421 3900 liat
432 3852 609 3914 sequentibus,
620 3858 673 3902 totu
685 3853 726 3900 via
737 3854 842 3901 erravit.
860 3853 935 3901 Bent.
969 3852 977 3878 ⁴
989 3851 1051 3898 Per.
1064 3848 1105 3897 ed.
1117 3861 1151 3897 ec.
1162 3862 1225 3910 sero,

120 3916 206 3964 neseio
218 3913 308 3963 unde!
322 3913 456 3964 Proh-81
473 3916 551 3965 Botlr.
569 3916 635 3966 Huic
649 3917 813 3979 quidem...lroc
829 3920 940 3965 ore-32
957 3913 1054 3963 Nescio
1073 3927 1105 3960 sn
1124 3910 1225 3962 Auctor

119 3979 232 4040 dederit,
247 3979 454 4029 tontamcstutioe.
481 3981 539 4027 Vim
552 3986 660 4044 tuntum,
672 3989 700 4029 et
709 3987 865 4044 potestatem
876 3985 982 4027 tantam.
1000 3978 1074 4027 Bent.
1107 3977 1225 4026 ‘Verum
1297 3993 1299 3997 ¹

120 4044 247 4092 divinavit
257 4041 347 4092 Brut!
365 4044 505 4092 Boon-st
523 4044 553 4092 ln
575 4046 646 4095 Rem.
658 4048 792 4094 venustior
803 4044 939 4093 collocatio
951 4048 999 4097 est.
1017 4057 1067 4091 esse
1079 4041 1159 4091 istam
1177 4042 1223 4092 Fu.

120 4105 235 4171 ItsBip.
246 4107 319 4156 Psrl.
331 4107 410 4155 Bent.
429 4107 524 4168 Delph.
535 4109 676 4158 Both-85
694 4110 771 4159 Bodl.
788 4107 882 4157 Boeud.
902 4121 961 4156 cum
980 4107 1036 4157 ΕΑ.
1048 4107 1104 4156 ΕΡ.
1117 4106 1224 4170 aliisque

120 4187 211 4222 omrem
222 4171 284 4221 mihi
293 4186 314 4221 e.
335 4172 415 4222 West.
448 4170 491 4220 Its
503 4173 548 4223 Br.
561 4181 589 4224 et
600 4174 689 4226 Guell.
698 4177 788 4226 tt-st
800 4175 867 4224 Mos.
875 4179 904 4224 et
912 4171 977 4222 editi
988 4172 1108 4238 quidemr
1122 4171 1186 4227 Quid
1197 4171 1225 4218 de
