2678 4694
427 303 589 351 necrus
612 306 769 354 sorau.
794 306 847 356 sc.-
872 309 922 354 rv.
1114 335 1117 339 -
1155 293 1221 360 877

117 446 189 510 LA.
214 443 282 509 Dic
296 445 459 535 filimirus
475 467 710 533 concessuram
725 449 801 513 hinc
816 449 1023 517 Sostratam:
1058 457 1062 463 '
1181 513 1185 520 .

122 548 181 612 Ne
195 553 393 624 revereatur,
409 549 519 610 minus
529 549 602 631 jam
617 569 686 633 quo
701 551 815 631 redeat
829 551 975 617 domum.
991 606 997 617 .
1017 554 1220 623 Puturhh!

119 649 261 714 Nullam
279 649 319 711 dc
334 648 387 711 bis
403 651 503 713 rebus
516 653 649 734 culpam
665 657 861 718 commeruit
877 663 955 720 tua:

120 751 157 815 A
174 752 433 836 Myrrhiuahaec
449 758 614 818 suntmea
629 773 734 820 uxore
750 762 868 820 exorta
883 741 1006 821 omnim
1031 830 1038 843 ,
1158 759 1221 823 ·10

120 839 273 916 Mutatio
288 851 346 916 fit:
369 873 413 916 aa
424 872 487 917 nos
503 857 688 936 perturbat,
701 856 847 920 Laches.
963 868 966 871 '

121 955 223 1018 Pau.
249 954 339 1018 Dum
354 975 394 1018 ne
409 955 576 1033 reducam,
592 959 720 1022 turbent
735 978 848 1041 porro,
864 977 968 1041 quarn
981 958 1094 1024 velint.

110 1133 180 1199 fitia
202 1135 347 1185 Philumene
366 1150 408 1185 ras
422 1138 580 1200 prosectarum
602 1137 657 1187 hinc
678 1137 820 1203 Sostratam,
838 1155 867 1188 ne
889 1141 973 1189 timeat
993 1140 1113 1203 mammas
1134 1141 1165 1189 nd
1178 1155 1222 1191 aas

119 1203 265 1249 revertatur.
295 1201 368 1250 ‘Pru
392 1202 441 1262 ath,
461 1201 524 1251 hihit
544 1203 678 1267 autequam,
695 1205 796 1265 Ladios,
820 1204 847 1252 in
869 1219 896 1254 ea
919 1219 946 1253 re
968 1205 1075 1267 peccarit
1095 1218 1156 1254 aare
1180 1212 1223 1254 tau

117 1263 255 1377 Rostrata:
280 1265 411 1336 Myrrhina
425 1281 487 1316 anor
501 1282 557 1327 mea,
577 1273 613 1316 est
633 1268 701 1329 origo
725 1274 749 1316 et
768 1284 840 1317 causa
861 1269 946 1318 hurum
965 1271 1068 1318 ammam
1088 1269 1219 1320 tartarum

147 1345 192 1377 oua
202 1330 280 1378 critru
295 1345 373 1379 taum
384 1331 512 1381 conuersis.
552 1333 591 1379 Ea
602 1337 638 1380 est
648 1348 719 1381 causa
734 1332 920 1394 perturbationis
929 1339 1026 1390 nostrae,
1037 1333 1137 1384 Laches·
1170 1332 1221 1383 Pa.

118 1392 326 1443 Dummodo-sorr
344 1396 455 1445 reducam
475 1394 647 1459 Philemenns,
669 1399 850 1458 tamuhaeatnr,
875 1403 899 1445 et
925 1399 1067 1447 contradant
1089 1397 1179 1447 hacta
1196 1405 1221 1447 et

117 1669 164 1704 eus
177 1654 238 1715 erit,
255 1656 263 1683 ¹
276 1655 334 1716 Quo
347 1663 423 1718 pacto
435 1655 497 1704 illud
509 1661 601 1718 potera
612 1657 727 1706 indicare
740 1657 795 1719 sine
807 1670 898 1720 magno
910 1655 1071 1705 Philumenae
1083 1654 1222 1704 detrimen-

116 1719 174 1769 to?’
201 1719 258 1767 Nisi
276 1718 345 1768 forte
357 1721 502 1784 legendum,
516 1722 636 1784 Operiaae,
656 1722 706 1772 i.e.
726 1723 874 1772 occultabo.
892 1720 960 1782 quod
972 1720 1081 1784 probant
1093 1720 1183 1770 Rivius
1194 1727 1223 1770 et

114 1783 270 1834 necteria·
289 1781 472 1833 confermata
485 1785 636 1850 Myrrhina,
649 1790 781 1849 suprarrr.
794 1789 870 1835 aas.
900 1786 978 1835 West.
1019 1785 1132 1848 Opiriam
1142 1784 1222 1835 Baths

116 1848 196 1898 Perl.
205 1848 310 1910 apertas
322 1849 367 1900 Br.
377 1849 441 1898 GMe
459 1852 467 1878 ‘
480 1850 550 1899 nullo
561 1865 637 1900 sensu
649 1853 743 1916 tegitur
753 1850 875 1914 aperiam?
885 1851 917 1898 R.
927 1851 1010 1900 D.-8
1027 1849 1109 1898 Oodd.
1118 1850 1223 1915 quidam

118 1914 218 1975 scripti
230 1920 258 1962 et
269 1911 331 1960 editi
345 1920 402 1976 post
411 1928 453 1964 an.
466 1919 539 1963 1469.
553 1915 592 1964 Ne
601 1923 719 1966 vereatur.
753 1917 788 1965 Et
800 1917 903 1964 ridetur
912 1916 949 1964 Re
960 1913 1092 1977 αὐξητικὸν,
1100 1921 1129 1963 ut
1138 1915 1223 1965 inite·

110 1977 232 2038 formida.
250 1977 333 2027 West.
367 1979 407 2027 Ne
427 1984 535 2027 teneatur
556 1995 645 2029 omnes
665 1983 729 2031 Mas.
756 1981 882 2029 seat-9
907 1981 976 2028 Uxor
993 1986 1036 2027 trra
1055 1979 1110 2028 ΕΤ.
1128 1979 1223 2028 EM.-

119 2046 155 2092 10
172 2042 231 2090 Mea
241 2040 325 2104 uxore]
344 2041 412 2107 Gay.
421 2043 494 2091 delet
505 2045 570 2106 Meu,
579 2046 604 2093 in
615 2061 666 2109 quo
677 2045 760 2094 omnis
773 2045 901 2108 emphasis
913 2053 961 2092 est.
997 2045 1141 2092 Sostratam
1154 2045 1224 2091 enirn

118 2105 265 2168 indigitaas
278 2106 388 2168 dixerat,
406 2108 560 2158 ιΤιιει.’--11
579 2111 684 2157 Mutatio
697 2109 743 2172 fit]
769 2109 837 2171 Gny.
849 2109 900 2155 rim
915 2108 989 2168 hnjus
1001 2118 1090 2154 verens
1109 2118 1170 2155 non·
1180 2122 1225 2156 ea·

117 2171 351 2234 pien'srexpuaglt.
384 2171 546 2234 Intelligitur
557 2181 643 2221 autem
655 2173 762 2221 Mutatio
773 2171 895 2220 criminis.
908 2180 934 2233 q.
947 2173 970 2220 d.
1006 2171 1089 2231 Culpa
1104 2171 1223 2233 jhmnon

118 2235 235 2297 amplius
247 2236 272 2282 irt
284 2243 329 2287 trra
337 2235 414 2283 domo
426 2237 517 2296 haeret,
530 2238 574 2285 sed
587 2239 614 2286 in
624 2252 696 2294 mea3
721 2251 737 2285 a
752 2236 888 2285 musenim
900 2248 984 2282 uxore
992 2242 1086 2282 exorta
1096 2240 1158 2284 sunt
1169 2249 1224 2282 ome

117 2301 175 2358 nia,
187 2314 238 2348 uon
250 2315 265 2347 a
278 2307 337 2359 trra3
354 2300 432 2362 idque
446 2302 579 2363 perturbat
591 2316 644 2350 nos.
678 2301 818 2349 Existimat
835 2299 969 2360 Dacieria,
986 2299 1066 2347 verba
1077 2298 1132 2348 haec
1145 2300 1223 2348 tribu·

119 2365 192 2415 enda
204 2364 348 2426 Pamphilo,
360 2367 438 2420 tacite
457 2380 541 2414 secum
563 2365 719 2415 mussitanti.
752 2366 924 2414 Citatautem
946 2365 1012 2412 hunc
1032 2377 1135 2412 versum
1153 2364 1225 2412 Pria·

119 2431 223 2486 cianus,
234 2428 321 2477 Instit.
333 2430 476 2478 Grammat.
489 2431 532 2478 lib.
542 2444 592 2480 vrr.
603 2430 719 2478 addens:
742 2429 750 2455 ‘
765 2429 822 2478 Nec
833 2430 912 2477 solnm
924 2428 949 2475 in
968 2429 1018 2489 his,
1030 2443 1089 2492 qnae
1101 2436 1161 2478 sunt
1172 2431 1224 2492 pri·

118 2508 183 2553 mae,
193 2492 332 2542 sedetiam
341 2493 366 2540 in
379 2494 436 2555 illis,
448 2510 505 2557 qnae
516 2496 612 2555 tertiae,
624 2496 641 2544 i.
654 2510 677 2544 e.
686 2495 712 2542 iu
723 2493 841 2543 omnibus
852 2493 951 2541 Graecis
960 2495 997 2541 Ee
1005 2493 1132 2556 producta
1142 2493 1225 2557 linitis

119 2557 246 2615 similiter
263 2557 379 2606 iuvenies
390 2559 535 2619 vocativum
556 2560 582 2607 in
593 2560 618 2607 E
635 2558 790 2623 productum
805 2557 916 2620 proferri
934 2557 1054 2619 Chreme,
1067 2558 1161 2619 Lache,
1171 2550 1226 2623 rin·¹

119 2621 214 2674 chire?
233 2602 310 2672 Meet.
341 2622 415 2670 Bem.
433 2630 462 2672 et
480 2622 637 2685 Priscianus,
646 2622 732 2671 Locha
755 2622 793 2670 sic
811 2628 838 2670 et
856 2621 922 2670 intra
933 2621 966 2669 'rix
978 2620 1078 2689 ratione
1090 2619 1225 2684 versusle-

119 2685 239 2751 gendum
251 2700 307 2735 esse
318 2686 511 2737 contendimus:
532 2687 626 2736 Vosmet
636 2687 712 2735 videte
723 2685 776 2746 jam
787 2684 865 2734 Lache
882 2691 905 2734 et
924 2689 950 2733 tu
961 2681 1094 2748 Pamphile.
1117 2685 1180 2734 ticet
1198 2686 1225 2735 in

120 2751 243 2805 omnibus
254 2750 373 2807 librissit
383 2751 482 2800 Laches.
500 2750 546 2800 Fa.
587 2751 643 2800 Pu.
660 2748 824 2813 AMprrhiaa
840 2750 890 2798 laec
910 2754 967 2797 sunt
982 2764 1034 2798 mea
1051 2764 1125 2799 uxore
1141 2757 1225 2801 exorta

119 2815 212 2865 onnia.
244 2810 349 2865 Mutatio
352 2814 404 2879 fit:
421 2831 448 2863 ea
459 2831 501 2864 nas
510 2815 643 2878 perturbat,
653 2814 739 2863 hehe.
772 2813 908 2863 Sudathic
921 2813 1027 2862 multum
1040 2814 1226 2875 Donatus,sed

121 2866 317 2945 aperamludit.
349 2878 539 2943 Guyetusillud
553 2880 659 2928 Mutatio
663 2879 708 2943 fit,
726 2880 861 2943 totumque
873 2877 939 2926 adeo
951 2892 1051 2928 versum
1064 2885 1094 2927 ut
1108 2880 1227 2942 ineptum
1253 2927 1257 2938 ,

121 2953 152 2995 et
160 2944 279 3007 spurium
288 2936 401 2992 damnat.
437 2943 538 3006 Dignus
549 2957 612 2992 sene
623 2948 670 3004 est,
679 2951 708 2992 ut
717 2957 785 2991 nnnc
796 2942 900 3007 quidem
912 2941 1029 2991 habetor.
1061 2943 1113 2992 Sed
1125 2942 1226 3006 singulas

120 3008 178 3061 auis
190 3005 307 3072 personis
326 3008 417 3069 redde,
440 3015 468 3057 et
484 3007 622 3071 genuinum
641 3023 669 3056 se
685 3004 817 3073 probabit.
850 3008 918 3055 Prrr.
936 3006 1159 3071 AMyrrhinahoea
1170 3013 1227 3056 sant

119 3088 177 3131 esea
196 3070 271 3138 acore
287 3079 370 3122 exorta
387 3073 473 3122 amaia.
515 3074 591 3123 Pam.
609 3073 716 3122 Mutatio
726 3070 771 3136 fit.
802 3071 881 3138 'Prin
897 3085 978 3120 aanor
995 3071 1226 3134 perturhahhaahe.

121 3131 234 3188 maan
244 3130 280 3203 fil
291 3144 351 3186 sunt
362 3134 490 3200 Pamphili
503 3138 597 3191 rerba:
614 3153 672 3201 quae
684 3146 714 3187 ut
725 3137 820 3203 secreti
832 3136 959 3197 conscius,
976 3150 1084 3186 aversus
1096 3136 1225 3207 alsenibus

120 3201 250 3267 loquitur.
284 3201 353 3259 Hoc,
370 3216 429 3251 cum
447 3201 586 3252 iudicatum
600 3203 653 3265 janr
672 3202 814 3264 semelest,
831 3207 872 3250 sat
890 3200 953 3263 scio,
965 3216 1015 3259 sua¹
1029 3210 1056 3250 se
1074 3201 1132 3264 luce
1144 3201 1227 3251 cuiuis

122 3264 326 3318 commendabit.
353 3266 405 3315 Sed
417 3266 486 3315 atiud
499 3265 575 3325 dabo,
583 3267 652 3332 quod
661 3257 744 3316 adhuc
757 3257 833 3315 tidem
846 3264 934 3316 faciat.
961 3261 1020 3325 Nisi
1032 3266 1079 3314 boc
1090 3264 1226 3330 Pamphilo

122 3327 337 3391 atteramus
354 3331 485 3393 perturbat,
496 3346 546 3380 non
559 3333 608 3381 erit
627 3328 666 3381 Ea
681 3347 743 3381 uxor
757 3330 894 3396 Myrrhina.
912 3330 981 3395 quod
1001 3331 1122 3381 Donatus
1139 3338 1227 3380 tamen

121 3395 281 3447 mouendum
295 3396 413 3458 putavit,
430 3395 475 3442 sed
489 3396 527 3443 Ea
538 3396 637 3446 amatio
649 3412 690 3446 nos
700 3395 832 3459 perturbat.
865 3397 929 3455 Tam
941 3396 1030 3459 inepte
1047 3401 1075 3445 et
1085 3395 1186 3459 putide,
1196 3402 1226 3444 ut

121 3456 192 3511 nihil
212 3457 288 3515 infra.
305 3459 380 3526 Beat.
414 3458 523 3517 Rectius
535 3460 613 3510 Beut.
632 3460 712 3508 verba
729 3461 829 3509 mutatio
839 3460 874 3524 fit
886 3449 1024 3523 Pamphilo
1042 3459 1141 3509 tribuit.
1157 3459 1226 3509 Perl.

124 3526 188 3575 Mea
198 3524 248 3573 hoec
257 3528 312 3573 stent
323 3528 407 3572 exorta
425 3522 503 3571 omrria
519 3523 596 3573 Both.
614 3522 700 3571 deleto
711 3538 785 3572 uxore
797 3538 842 3585 pro
853 3524 889 3584 gt.
908 3531 936 3572 et
945 3539 1005 3572 mox
1016 3523 1122 3571 Lacheti
1134 3521 1227 3572 tribuit

123 3589 208 3652 Both.
223 3588 304 3637 rerba
321 3587 413 3637 eedem
424 3584 528 3636 'mutatio
539 3587 648 3654 fit-la
666 3588 785 3635 Donatus
796 3586 830 3634 ad
842 3587 944 3634 laeum:
962 3588 970 3614 ⁴
984 3587 1061 3642 Quam
1070 3600 1120 3634 uon
1132 3592 1174 3634 est
1185 3601 1227 3649 ge·

122 3654 196 3705 neris
207 3652 333 3715 feminini,
343 3651 390 3701 sed
402 3663 441 3702 est
455 3657 463 3683 ⁴
478 3653 609 3702 erantnm
617 3650 636 3700 :'
657 3650 767 3714 lbrhent,
776 3657 867 3700 errent
878 3657 906 3698 et
918 3651 1117 3711 tumultuentur,
1128 3649 1224 3713 signiti-

123 3727 187 3779 cat3
203 3711 244 3766 rel
257 3718 402 3766 turbentur.
437 3717 515 3773 Quam
525 3717 608 3774 velint,
619 3716 627 3742 ‘
637 3713 777 3779 quantnm’
795 3715 884 3775 velint,
893 3722 938 3764 aut
949 3729 1006 3764 eam
1019 3715 1027 3741 ‘
1038 3712 1128 3778 quam'
1144 3714 1227 3764 velint

124 3778 280 3842 mulierem
297 3781 344 3830 sed
355 3782 444 3830 melina
455 3790 495 3830 est
512 3781 579 3845 quod
592 3795 669 3843 supra
682 3779 812 3829 diximus!
844 3780 870 3828 Si
890 3781 1008 3829 standum
1028 3780 1077 3828 erit
1097 3778 1154 3828 hui'c
1173 3779 1226 3827 lec-

125 3849 194 3900 tioni
203 3847 308 3913 turbent,
320 3861 394 3910 quaro
406 3854 433 3895 et
443 3847 545 3896 codices
557 3859 643 3896 omnes
655 3846 786 3903 exhibent,
803 3854 876 3895 recte
895 3859 956 3892 sane
968 3858 1075 3906 magnus
1087 3843 1225 3909 Magister.

124 3910 179 3964 Sed
190 3906 248 3964 eum
260 3910 323 3960 illud
336 3909 456 3973 inspicio,
466 3911 503 3958 Ea
516 3927 557 3959 nas
572 3910 705 3974 perturbat,
723 3909 811 3970 Lache,
836 3909 878 3958 cui
897 3922 1002 3957 aversus
1018 3908 1165 3973 Pamphilus
1177 3905 1225 3958 boc

628 4053 733 4108 Nol'AE

337 4159 367 4205 12
386 4154 489 4225 Tentat
498 4154 581 4218 porra]
592 4154 660 4209 Hac
672 4153 875 4225 adspectatores
884 4149 1014 4226 dicuntur.
