2678 4694
278 303 541 353 nunnenonuu
566 304 647 352 sur.
664 302 721 350 ιιι.
743 302 798 352 sc.
822 303 862 351 11.
1050 285 1114 352 717

10 446 196 534 Experiar.
241 444 308 510 Gn.
325 443 416 526 Quid
432 447 547 510 istuct
571 445 708 523 accedo,
722 453 762 510 ut
776 447 896 511 melius
911 446 1017 512 dicas.
1054 447 1115 513 So.
1178 467 1180 471 ·

148 548 214 625 Τιι,
228 554 387 630 quantum
400 555 511 630 potes,

10 649 98 728 nbi,
113 654 216 733 utque
234 648 380 731 Hegioni
395 655 534 731 cognato
549 648 652 733 hujus
674 669 741 713 rem
766 667 896 712 omnem
918 658 1049 715 sanato
1064 670 1116 716 or-

149 749 246 828 dine;

10 853 111 919 Nam
126 853 159 915 is
173 855 287 914 nostro
302 849 431 914 Simulo
446 849 509 914 fuit
522 869 684 929 summus,
698 858 730 916 et
744 870 807 915 nos
822 851 926 916 coluit
938 871 1118 920 maxume·

10 952 86 1020 Gn.
104 952 143 1018 N
144 972 197 1017 um
211 951 324 1016 herulo
340 951 429 1017 alius
442 971 539 1016 nemo
555 953 694 1036 respicit
707 971 783 1017 nos.
826 951 886 1016 So.
902 953 1054 1039 Propera
1068 962 1118 1036 tu,

151 1074 226 1119 mea
241 1052 419 1127 Canthara,
1076 1059 1119 1122 55

10 1156 141 1224 Curre:
162 1154 379 1220 obstetricem
402 1173 547 1233 arcesse,
564 1163 613 1234 ut,
628 1176 705 1220 cum
724 1176 814 1240 opus
837 1157 893 1235 sit,
917 1176 959 1221 ne
974 1156 1010 1220 iu
1024 1177 1119 1224 mora

153 1257 341 1321 nobissiet.
878 1265 881 1273 '

10 1457 61 1505 ut
71 1467 112 1504 ste
122 1467 169 1501 nort
179 1451 268 1512 dcem,
282 1449 354 1510 Geta,
362 1449 455 1510 judicio
468 1461 548 1509 agorn
581 1446 633 1496 Gn.
652 1447 717 1503 Quid
728 1447 792 1496 istud
801 1446 857 1499 ert?
872 1451 930 1514 quid
940 1451 985 1502 tibi
993 1452 1122 1506 resistan

11 1520 104 1568 aceede
115 1521 165 1565 tue
174 1514 305 1574 sententie,
317 1519 345 1563 ut
354 1529 406 1578 que
417 1513 508 1568 metius,
523 1526 589 1576 psum
606 1526 650 1573 ege
664 1513 737 1573 dicon
751 1515 775 1560 et
789 1515 929 1576 prudentius
946 1517 1042 1566 sentius.
1075 1519 1121 1566 Su.

17 1582 58 1633 st
70 1586 187 1645 prunum
202 1584 267 1643 peter
277 1580 385 1629 celeriter
399 1579 555 1644 proficiscere,
566 1581 635 1638 utque
650 1576 753 1638 Hegioni
763 1583 862 1639 cognato
872 1579 1005 1643 Pumpbiioe
1016 1595 1064 1630 rest
1074 1597 1122 1631 ern·

12 1660 84 1707 nens,
95 1651 122 1694 ret
131 1650 186 1694 ueto
196 1649 240 1705 est,
248 1658 352 1706 erpone:
368 1643 390 1691 ir
400 1645 462 1691 enim
473 1640 563 1690 Simulo
573 1641 659 1688 morito
668 1655 726 1703 meo,
735 1641 801 1704 putri
811 1641 912 1702 uirginis
919 1660 1021 1694 nmmos
1031 1646 1122 1696 emim

10 1707 79 1771 snit,
94 1715 118 1759 et
136 1724 179 1758 nos
192 1708 294 1757 maxime
315 1708 455 1756 observavit.
488 1707 538 1754 Gn.
558 1705 630 1757 Recte
642 1704 718 1765 surb,
727 1720 836 1768 semper
848 1707 974 1758 Heeutenr
984 1724 1051 1758 neme
1060 1709 1122 1758 uitet

16 1774 98 1822 astri
107 1788 190 1821 eurum
200 1772 277 1820 iubet.
309 1773 355 1821 So.
375 1772 474 1822 Festino
482 1776 518 1827 tre.
527 1783 578 1818 meu
589 1770 720 1827 Cuntbura,
727 1771 766 1819 ubi
775 1785 882 1834 propere,
891 1774 1039 1825 obiturum
1048 1775 1122 1824 adde.

15 1836 77 1900 ereo,
87 1843 127 1898 ret,
135 1851 189 1885 cum
197 1841 281 1901 pertus
292 1835 398 1896 instabit,
410 1837 498 1885 nultum
508 1848 596 1883 morum
601 1833 689 1893 sudor.

482 1993 666 2014 ‘W

18 2109 159 2161 rrctBent.
177 2110 353 2158 interemerit
363 2110 404 2158 ure
415 2114 458 2157 aut
469 2124 513 2158 me.
530 2108 602 2157 Peri.
615 2107 711 2156 omittit
721 2107 801 2156 ultum
834 2108 897 2158 Pur.
918 2124 965 2172 pro
984 2124 1039 2159 rur.
1056 2112 1124 2161 iilum

17 2178 109 2225 hieru.
144 2174 229 2222 Etiam
241 2173 460 2235 opinantem,
482 2173 524 2222 cui
538 2171 744 2233 rocisubscript.
754 2173 829 2235 culpe.
862 2174 992 2223 Intereeese
1008 2175 1068 2238 Bip.
1086 2177 1125 2224 ite

19 2245 50 2289 et
71 2239 119 2287 Er.
141 2238 277 2286 Dec-ti
298 2237 448 2286 Priscianus
468 2237 557 2286 Instit.
576 2236 717 2286 Gremmst.
738 2236 1125 2300 lib.xv1.ueeedo,utreetirs

20 2304 97 2353 diens.
131 2302 208 2352 Wiei.
229 2303 271 2350 vel
293 2315 352 2351 eum
369 2303 423 2351 Do.
441 2301 518 2350 dicum
536 2301 607 2364 tegit,
632 2300 674 2348 rei
694 2300 797 2361 eliipsin
816 2302 919 2363 statuit,
937 2318 962 2366 q.
982 2301 1011 2351 d.
1028 2308 1055 2352 ut

19 2369 108 2417 neiis·
130 2367 206 2415 duas.
246 2366 322 2418 Quen
343 2381 401 2415 unm
419 2364 448 2413 rb
466 2366 543 2414 dicum
560 2365 585 2413 in
606 2363 682 2413 nullis
703 2365 765 2413 mibi
785 2365 857 2414 libris
876 2375 1018 2428 repertum.
1080 2374 1124 2418 est.

22 2431 91 2488 oste
106 2429 199 2493 minet]
226 2383 399 2494 Attonitus,
418 2431 485 2479 iuter
506 2444 569 2493 quos
585 2430 659 2478 Bem.
675 2429 736 2478 Bas.
753 2435 782 2478 et
799 2430 844 2479 Vi.
869 2431 934 2487 Quid
953 2432 1025 2481 istie?
1041 2431 1079 2481 itu
1096 2441 1125 2483 et

22 2495 78 2544 Do.
89 2509 151 2543 uam
170 2496 286 2558 quumvis
296 2495 323 2543 in
343 2509 375 2543 eo
385 2494 506 2543 mendose
522 2494 630 2556 legatur,
643 2494 708 2549 Quid
721 2493 798 2545 istuc?
816 2502 904 2543 tumen
921 2495 948 2543 iu
962 2497 1125 2559 expositione

22 2559 119 2610 usserit
129 2560 180 2607 boc
191 2559 228 2607 itu
243 2558 305 2621 dici,
316 2560 388 2622 qussi
405 2559 543 2617 diceretur,
556 2558 616 2622 qnid
633 2558 675 2605 bie
694 2560 829 2606 resistam?
845 2573 907 2624 sune
924 2559 962 2608 itu
973 2559 1126 2610 ordinantur

20 2637 116 2683 renus
134 2623 160 2670 in
173 2622 239 2671 libro
250 2622 378 2671 Bembino
388 2629 416 2671 et
428 2622 556 2685 aliquibus
568 2623 633 2681 utils,
644 2629 673 2669 ut
685 2627 797 2682 ponatur
815 2628 876 2669 unte
887 2623 942 2669 brec
955 2622 1035 2670 verba
1045 2624 1126 2672 dictio

22 2685 198 2751 ‘Expertum'
209 2692 238 2734 et
257 2685 346 2735 sithiu
363 2687 467 2748 integer
484 2699 583 2747 versus,
600 2684 730 2749 Experior.
758 2684 810 2734 Ge.
835 2685 901 2738 Quid
911 2684 985 2736 istie?
1001 2688 1083 2735 aceede
1098 2694 1126 2737 nt

21 2751 109 2802 naim
131 2750 205 2798 duos.
233 2749 279 2798 So.
304 2749 339 2798 Tu
360 2745 473 2813 quantuor
489 2753 564 2812 potes.
589 2749 634 2798 Fu.
668 2747 793 2810 Experior.
822 2748 886 2804 Quid
907 2749 980 2798 istie?
995 2753 1079 2799 accedo
1099 2757 1130 2802 ut

21 2815 108 2866 aniius
119 2813 192 2863 dicus.
211 2813 248 2862 Tu
257 2828 281 2875 q.
290 2819 364 2875 potes.
398 2815 498 2863 Versus
512 2815 584 2876 justu
596 2813 693 2875 longior
709 2819 758 2862 est.
790 2813 907 2875 Repone,
920 2815 1049 2875 Experiar.
1062 2817 1127 2872 Quid

22 2875 101 2929 istie?
115 2878 395 2939 connumerandum.
428 2879 475 2927 Est
495 2877 587 2940 quisic
605 2877 740 2939 legireiit,
757 2875 808 2925 Gn
831 2877 896 2932 Quid
913 2879 985 2926 istie?
1011 2880 1057 2928 So.
1079 2880 1127 2928 Ae·

21 2945 88 2996 esde.
115 2941 169 2992 Gn.
194 2941 228 2990 Ut
246 2942 329 2991 melius
345 2943 418 2995 dicus.
451 2941 591 2992 Et⁸Quid
611 2941 670 2990 istic
679 2941 697 2990 ?’
713 2942 758 3001 nit,
775 2939 949 2990 dissentientis
967 2949 1017 2991 est.
1050 2943 1127 2994 Ituus

23 3006 108 3058 reru?
124 3014 180 3055 turn
199 3005 249 3054 erit
268 3020 325 3054 cum
341 3008 411 3055 ‘non
421 3005 429 3027 '
440 3014 468 3055 et
482 3007 490 3034 ‘
502 3005 624 3054 minime’
637 3009 714 3055 eruut
731 3005 905 3055 assentientis.
938 3006 987 3054 Sed
1007 3014 1034 3056 et
1056 3009 1127 3058 uliud

24 3086 57 3123 sn
94 3071 174 3128 ritus,
183 3069 248 3125 Quid
255 3069 309 3118 istie
319 3072 390 3119 cedo?
406 3075 433 3119 ut
444 3086 498 3118 enm
508 3069 580 3130 injus
590 3072 681 3119 ducos?
708 3069 733 3119 Ο
745 3069 908 3131 conjecturas
917 3070 1017 3132 lepidos
1029 3078 1057 3120 et
1069 3087 1129 3134 pro·

22 3087 141 3187 initient
158 3134 233 3184 Beni.
260 3134 338 3182 Both.
350 3134 414 3198 legit
427 3135 493 3190 Quid
509 3133 584 3186 istie?
599 3138 653 3185 cedo
665 3169 672 3183 .
682 3169 703 3183 ..
714 3138 799 3197 potest.
811 3134 856 3182 Br.
883 3132 966 3191 Quid?
976 3135 1030 3184 istie
1045 3142 1127 3188 accedo

24 3235 32 3251 .
44 3235 52 3251 .
65 3234 74 3250 .
86 3201 118 3248 In
144 3213 187 3261 .p.
204 3198 301 3260 Deipb.
325 3200 390 3255 Quid
400 3196 475 3248 istie?
484 3231 490 3246 .
500 3232 522 3247 ..
535 3199 565 3246 ln
581 3197 838 3263 petentempetentem,
850 3197 1025 3265 transfertque
1038 3201 1129 3251 dictiu-

23 3278 85 3317 ιω
96 3265 105 3292 ‘
118 3214 247 3323 Experiar
256 3262 263 3284 ‘
273 3261 305 3311 sd
318 3277 354 3312 rs.
376 3263 586 3326 precedentem:
603 3264 743 3324 indignum
758 3266 876 3324 experior,
893 3265 964 3313 Geta.
981 3265 1047 3320 Quid
1056 3265 1129 3317 istic?

24 3328 127 3379 2.-58
145 3325 233 3390 Aliqui
245 3326 306 3376 libri
317 3328 407 3390 scripti
420 3327 489 3375 iuter
499 3342 562 3391 quos
581 3328 655 3377 Bem.
673 3327 710 3375 itu
721 3326 818 3376 babent
826 3342 877 3375 rem
887 3333 996 3378 enurruto
1007 3344 1130 3382 omnesne.

24 3394 63 3445 Et
83 3404 135 3455 pro
156 3390 226 3451 buius
247 3392 320 3440 Bem.
348 3391 426 3440 babet
447 3391 504 3451 ejus.
532 3391 578 3440 Fe.
612 3392 702 3440 Nostri
725 3405 813 3440 omnes
834 3391 911 3452 hujus.
933 3393 1026 3442 Recte.
1056 3396 1134 3445 Bent..
1194 3399 1198 3405 '

25 3458 150 3508 Enurruto
168 3455 216 3503 Br.
228 3456 299 3532 Peri.
315 3456 377 3516 Eius
384 3471 406 3505 r.
423 3460 532 3530 enarrem
544 3455 604 3517 Bip.
617 3455 727 3504 Buthius
744 3455 876 3530 legitudbi,
889 3457 925 3506 H.
935 3459 1133 3532 cognatobseiue,

23 3519 1129 3646 mittit.t“tt.s.⁵.⁴stttt?²tttsitisti?‘’tttftttttttbtff

23 3649 222 3708 :dosunt-55
240 3648 294 3696 Pru
310 3649 417 3711 Propero
432 3647 536 3712 reponit
547 3647 624 3694 Bent.
642 3649 751 3712 Propere.
778 3648 823 3699 Ita
839 3654 866 3700 et
883 3649 930 3699 dst
941 3649 1019 3699 Both.
1047 3648 1130 3699 Abest

23 3719 53 3764 trs
64 3712 157 3766 Guelf.
166 3716 259 3763 2.-tu
276 3713 341 3762 GM.
352 3713 464 3764 collocat
474 3726 590 3776 opuseunr
598 3712 639 3761 rit.
