2678 4694
191 279 256 346 528
562 295 595 344 r.
618 294 800 344 rnannru
828 293 915 344 arnt

192 441 308 508 Nobis
324 440 415 506 dedit
430 457 477 505 se·
523 441 591 504 ΡΑ.
615 442 744 506 Fratris
768 443 868 524 igitur
887 440 995 505 Thais
1020 446 1091 506 totu
1111 439 1178 505 'stt
1225 439 1290 505 Cn.

323 544 471 608 Scilicet.
1252 542 1292 604 10

192 647 262 713 Pr.
283 645 364 710 Jurn
389 646 453 709 hoc
479 643 569 708 aliud
592 652 646 706 est
667 643 758 726 quod
778 642 1003 725 gaudeamus:
1033 642 1130 706 miles
1159 642 1293 726 pellitur

323 747 427 811 sorae.

195 849 263 914 CH.
283 847 370 912 Tum
393 853 440 925 tu,
463 846 568 911 frater
581 845 642 908 ubi
658 845 715 909 nbi
729 853 792 922 est,
815 844 869 909 sac
886 846 1129 928 quamprimum
1144 845 1221 910 haec
1236 863 1291 909 au·

323 949 405 1013 diat.
451 946 518 1012 Pr.
541 945 662 1010 Visam
677 945 822 1010 domum.

194 1050 264 1115 ΤΗ.
286 1050 474 1133 Numquid,
491 1049 638 1126 Gnatho,
661 1046 809 1124 dubitas,
826 1047 905 1131 quin
931 1065 992 1128 ego
1017 1065 1106 1109 nune
1131 1051 1292 1128 perpetuo

296 1229 299 1233 ι
324 1152 503 1235 perierim‘l

196 1254 269 1318 GN.
291 1254 372 1317 Sine
387 1252 503 1332 dubio,
516 1254 643 1336 opinor.
681 1251 750 1316 Cn.
766 1248 858 1328 Quid
869 1267 1124 1314 commemorem
1139 1248 1291 1332 primum,

324 1361 385 1418 aut
399 1354 533 1419 landem
549 1354 730 1417 maxumet

196 1455 350 1534 Illumne,
365 1458 424 1540 qui
438 1455 518 1520 mihi
535 1457 708 1520 eonsilium
732 1454 837 1533 dedit,
851 1460 889 1519 nt
910 1454 1078 1531 iacerem3
1100 1471 1145 1518 an
1159 1472 1225 1531 me,
1240 1453 1293 1535 qni
1312 1454 1330 1474 ''

328 1577 432 1622 ausus
445 1559 510 1620 sim
1254 1554 1293 1616 15

197 1722 249 1771 ΡΑ.
265 1721 361 1770 Fratris
372 1721 408 1770 tui
418 1722 496 1783 igitur
508 1723 581 1770 Tltur'a
592 1726 641 1769 totu
652 1726 688 1770 eet
697 1721 723 1769 iu
731 1724 863 1784 potem?
897 1719 951 1768 Cn.
970 1719 1079 1768 Omine.
1112 1718 1166 1765 ΡΑ.
1182 1719 1241 1766 Jam
1251 1719 1294 1766 atu

196 1787 291 1847 insuper
301 1785 367 1833 nolu
383 1800 454 1833 ceusu
462 1786 554 1842 gurrdr'i.
590 1785 679 1830 Thraso
696 1785 854 1832 excluditura
866 1782 964 1832 Thaide.
997 1782 1050 1830 Cn.
1069 1781 1114 1840 Tu,
1126 1782 1253 1839 Parmeno,
1266 1783 1293 1829 da

193 1863 289 1972 :dmm
299 1854 326 1897 ut
337 1847 546 1906 Ptoedrtesruter,
557 1845 692 1907 almumque
702 1846 744 1906 rit,
754 1847 802 1893 lucer
812 1847 908 1895 resciat.
941 1847 993 1895 Pr.
1008 1847 1088 1896 Visum
1099 1847 1201 1906 drumm,
1211 1846 1294 1894 nume

210 1918 260 1960 orte
279 1913 313 1959 iti
328 1913 369 1959 sit.
402 1911 456 1957 Tu.
476 1910 606 1972 Numquid,
619 1910 724 1964 Guutleo,
743 1910 837 1958 dubitus
855 1925 892 1958 me
906 1910 1021 1973 periisse?
1053 1911 1106 1959 Gn.
1126 1911 1181 1959 Non
1199 1910 1293 1967 dubitor

198 1978 278 2034 mereo,
295 1972 357 2022 certe
379 1975 454 2021 crede.
488 1975 539 2024 Cn.
559 1974 624 2029 Quid
642 1974 743 2036 primeca
760 1987 891 2033 meamea,
907 1979 950 2022 cut
965 1989 1033 2036 quem
1047 1973 1154 2022 laudibus
1171 1975 1293 2023 extollar?

197 2040 293 2088 tuumne
301 2038 342 2101 qui
351 2039 411 2087 milri
419 2038 505 2100 sunsit,
516 2038 644 2099 utseciuus
656 2045 798 2101 exequerer?
813 2055 844 2087 err
853 2053 899 2101 me,
910 2039 951 2101 qui
961 2039 1127 2098 uusussrerr'm
1143 2038 1203 2086 illud
1213 2054 1292 2101 eggre-
1327 2091 1329 2096 ,

659 2173 672 2192 0
675 2172 839 2194 ”ueneno

198 2275 277 2322 Bent.
311 2274 342 2321 In
352 2271 432 2322 eiierrt.
442 2269 477 2334 et]
495 2273 556 2321 Pur.
568 2271 593 2320 in
605 2287 688 2336 marg.
705 2273 731 2322 in
747 2271 829 2321 Andr.
840 2284 872 2320 11.
891 2276 914 2318 l.
932 2276 956 2319 3.
974 2271 1039 2320 Perl.
1075 2271 1231 2320 Bentleiana
1248 2271 1292 2319 dir·

199 2338 291 2386 tinctio
304 2344 345 2385 est
356 2337 381 2383 in
394 2337 455 2399 Bip.
470 2344 497 2385 et
516 2337 593 2385 Botlr.
610 2344 638 2382 et
652 2339 689 2383 sic
700 2336 725 2382 in
737 2336 832 2397 Delph.
866 2334 903 2384 At
920 2334 977 2383 fere
992 2337 1095 2384 silemus
1113 2336 1146 2384 de
1164 2337 1238 2385 lectt.
1255 2335 1292 2384 ed.

198 2401 298 2464 Delph.
312 2400 415 2463 quando
437 2414 484 2461 per
506 2400 561 2461 ejus
583 2399 831 2460 Interpretationem
851 2401 919 2447 satis>
932 2408 992 2448 sunt
1011 2399 1227 2449 manifestae—ll
1247 2401 1292 2449 Me.

199 2465 272 2527 Lips.
284 2465 318 2514 G.
332 2465 387 2512 ΕΡ.
403 2463 511 2525 pelletur.
545 2463 651 2511 Ponere
664 2463 839 2513 duobusMss.
852 2465 929 2524 uitat,
947 2464 1003 2526 quia
1019 2466 1087 2513 miles
1104 2467 1206 2527 pelletur
1219 2463 1292 2524 forus.

199 2531 282 2578 West.
316 2530 437 2580 Quatnor
447 2543 480 2576 ex
492 2529 587 2575 nostris
600 2527 716 2589 pellitur;
732 2529 813 2576 ceteri
825 2543 913 2576 omnes
931 2529 1039 2589 pelletur.
1073 2529 1230 2577 concinnius
1242 2528 1293 2589 hor,

199 2601 228 2642 et
240 2593 272 2641 ad
286 2606 387 2640 sensnm
399 2591 468 2639 etad
480 2605 610 2640 numeros.
628 2592 701 2641 Berrt.
735 2593 842 2640 Pelletur
860 2594 891 2640 ll.
908 2593 980 2640 Liud.
1012 2593 1055 2642 Sic
1073 2594 1119 2641 Br.
1142 2595 1201 2654 Bip.
1222 2593 1292 2641 Both.

199 2660 264 2705 -12
281 2656 354 2705 Glar.
365 2663 392 2704 et
404 2656 438 2705 G.
451 2656 480 2703 F.
491 2670 550 2704 enm
567 2656 636 2718 Gny.
649 2654 790 2719 praet‘ernnt
802 2656 1012 2769 domi,prromodo
1025 2658 1102 2704 estin
1115 2658 1153 2704 M.
1164 2667 1192 2705 et
1204 2656 1293 2704 Brund.

199 2735 258 2770 curn
274 2721 335 2769 edd.
355 2719 475 2768 vetustis.
508 2720 699 2785 Inqnibnsita
718 2723 853 2770 Donatus:
896 2722 955 2769 icum
973 2723 997 2768 d.
1015 2718 1083 2768 unde
1105 2722 1147 2768 vix
1166 2717 1292 2780 eontieias,

199 2785 378 2848 demilegerit‚
396 2800 429 2833 an
447 2787 546 2833 menum.
581 2786 639 2834 Hoc
657 2785 774 2835 Latinius
794 2783 1016 2834 videturdictnm.
1050 2786 1190 2847 Ms.Lips.
1209 2792 1237 2834 et
1255 2786 1293 2832 Tr.

198 2850 274 2899 uirum
292 2853 394 2898 domum.
428 2849 472 2898 Itu
489 2857 518 2898 et
537 2849 612 2898 Leid.
632 2865 706 2899 unns.
726 2851 803 2899 Wert.
836 2849 867 2905 In
890 2849 1017 2912 principio
1037 2849 1111 2910 hujus
1131 2863 1219 2898 versus
1231 2849 1294 2897 adde

198 2914 338 2964 dictionem
358 2916 394 2963 Tu
405 2928 437 2962 ex
450 2914 524 2962 Bem.
557 2914 610 2960 Alii
629 2913 689 2961 libri
707 2913 804 2961 habent
824 2913 882 2961 Tum
901 2919 941 2962 tu:
957 2913 1025 2976 quod
1044 2921 1115 2962 stare
1134 2928 1185 2962 non
1203 2921 1293 2974 potest.

199 2979 246 3028 Fe.
280 2980 372 3028 Nostri
383 2992 471 3026 omnes
484 2976 616 3038 mendose,
634 2977 694 3025 Tum
711 2982 747 3024 tu.
774 2977 852 3024 Bent.
886 2976 940 3026 Hoc
958 2977 1045 3026 Guelf.
1065 2982 1088 3026 2.
1117 2979 1151 3025 Ut
1170 2980 1253 3027 audiet
1271 2982 1293 3026 3.

199 3043 267 3091 Perl.
301 3043 405 3090 Domum
415 3038 534 3088 defendit
545 3040 606 3102 Bip.
637 3041 672 3088 Tu
692 3054 738 3103 pro
754 3041 814 3089 Tum
827 3046 855 3088 tu
865 3041 943 3092 Bent.
956 3043 986 3090 Z.
998 3043 1154 3091 Boiu-ra.
1173 3047 1204 3090 14
1223 3044 1294 3092 Num·

200 3106 265 3168 quid,
275 3105 381 3163 Gnatia,
391 3104 485 3153 dubitus
497 3105 558 3203 puin
575 3120 618 3166 ege
635 3111 745 3168 perpetuo
760 3103 891 3168 perierim?
923 3107 980 3156 Siue
994 3105 998 3169 Ι
1013 3106 1093 3155 Dubio
1108 3107 1199 3168 opinor.
1234 3107 1294 3161 Quid

198 3184 372 3218 commemorem
387 3169 504 3231 primum.
520 3175 561 3216 aut
579 3185 646 3231 quem
656 3172 746 3218 leudem
758 3169 872 3232 maxime]
883 3169 943 3219 Alia
955 3171 1032 3219 lectio
1042 3171 1119 3219 estin
1132 3172 1207 3219 Bem.
1230 3171 1294 3219 Nam

199 3235 222 3283 is
233 3234 312 3294 solus,
322 3241 381 3296 post
391 3237 398 3260 ‘
408 3233 528 3292 Gnatho‚’
538 3233 615 3282 habet
625 3239 652 3281 tu
658 3250 668 3292 ,·
685 3235 757 3292 item,
770 3243 828 3297 post
844 3249 897 3295 ege,
913 3251 983 3298 nune,
1001 3237 1063 3283 licet
1075 3234 1200 3284 deletum.
1234 3236 1294 3283 Pru·

199 3313 293 3348 nomen
306 3313 368 3346 vero
379 3312 446 3360 qrrem
457 3311 507 3345 non
519 3298 613 3347 lrabet:
631 3306 709 3362 atque
730 3300 755 3346 in
772 3298 812 3348 his
830 3299 928 3348 duobus
945 3300 1081 3362 postremis
1093 3314 1116 3349 o.
1127 3301 1145 3349 l.
1157 3316 1178 3348 s.
1192 3312 1294 3348 eonsen-

200 3365 278 3423 tiunt,
294 3362 380 3421 idest,
398 3367 426 3409 nt
444 3362 583 3410 dictionem
600 3376 663 3411 uuae
680 3363 804 3424 habeant,
819 3377 887 3426 quem
905 3378 967 3411 vero
984 3379 1035 3413 non
1052 3365 1175 3412 habeant.
1208 3364 1260 3413 Sed
1272 3364 1294 3410 iu

199 3429 275 3477 Bern.
293 3428 331 3475 ita
343 3427 453 3475 ordinati
466 3435 526 3475 sunt
537 3427 563 3474 hi
575 3427 625 3475 duo
637 3441 741 3476 versus:
761 3428 893 3491 Numquid,
906 3429 1011 3490 Gnatho,
1031 3433 1058 3476 tu
1075 3429 1170 3477 dubitus
1188 3431 1294 3491 quinege

199 3508 261 3542 aune
270 3496 380 3554 perpetue
390 3491 516 3553 perierim?
528 3489 533 3554 Ι
547 3490 605 3539 Sine
615 3492 685 3539 dudio
694 3492 784 3554 opinor.
819 3492 884 3548 Quid
894 3507 1067 3542 commemorem
1083 3493 1186 3554 primum
1196 3499 1238 3541 aut
1249 3495 1294 3540 lurr-

199 3559 252 3606 dem
277 3556 398 3606 maxime?
424 3555 547 3603 Faernus.
581 3557 670 3604 Nostri
690 3572 758 3618 quem
779 3571 830 3604 non
851 3557 959 3618 habent,
986 3557 1177 3616 uuuehaben13
1201 3565 1294 3606 utrum·
1330 3586 1333 3601 .

200 3628 352 3685 querente:
371 3619 415 3667 sed
435 3620 497 3667 illud
514 3621 591 3680 male,
606 3622 675 3682 quod
686 3627 792 3671 careant
802 3627 836 3671 tu.
854 3622 932 3669 Bent.
965 3623 1001 3671 Tu
1011 3621 1106 3669 dubitus
1120 3623 1200 3670 Both.
1235 3623 1294 3670 Cum

148 3742 152 3750 ,
200 3701 264 3735 voce
290 3684 386 3734 ‘Sine'
410 3684 509 3733 claudit
530 3685 599 3732 hunc
621 3699 660 3734 vs.
691 3686 785 3748 Delph.
807 3692 836 3733 ut
856 3693 884 3735 et
904 3687 964 3748 Bip.
986 3701 1043 3749 quae
1061 3685 1094 3733 ad
1119 3682 1234 3734 ‘Visam
1254 3685 1295 3732 do·

199 3750 284 3799 mnm’
309 3750 345 3799 sic
367 3756 459 3797 notat:
485 3748 595 3797 ‘Abitio
617 3750 653 3797 sie
681 3749 849 3809 Parmenonis
869 3757 952 3798 mutat
974 3764 1087 3798 scenam.
1132 3751 1245 3799 Restant
1265 3749 1294 3797 ab

201 3815 284 3863 altera
302 3823 377 3877 parte
388 3814 484 3862 Thraso
496 3828 554 3862 cnm
566 3813 712 3874 Gnathone,
731 3816 763 3864 ab
781 3816 864 3862 altera
883 3815 942 3863 Clrr.
954 3829 1040 3863 secum
1053 3814 1208 3878 loquentes!
1240 3814 1295 3877 Bip.

200 3878 281 3940 igitur
301 3893 376 3927 rersn
395 3886 484 3927 nostro
506 3881 545 3926 13.
565 3877 657 3941 incipit
677 3879 787 3928 Scenam
809 3879 942 3926 decimam.
978 3879 1054 3934 Quem
1069 3880 1160 3926 laudem
1171 3879 1296 3938 helpe.-

201 3946 233 3990 15
251 3942 323 3989 Illum
341 3943 382 4004 qui
398 3944 449 3992 Ms.
464 3942 533 4004 Lipe.
566 3942 638 3990 Illum
656 3946 697 4005 qui
716 3944 782 3992 dedit
800 3943 859 3990 milri
876 3942 997 3991 consilium
1016 3944 1048 3991 G.
1069 3944 1121 3991 ET.
1139 3945 1202 3992 EM.
1222 3944 1296 3993 Wertr

201 4007 274 4054 Illum
283 4007 324 4067 qui
337 4007 396 4055 milri
406 4007 471 4056 dedit
480 4006 614 4068 consilium]
631 4009 704 4057 Bem.
722 4008 839 4063 Idumam
856 4007 924 4070 qnod
936 4007 1126 4069 expeditiorem
1145 4008 1231 4056 reddit
1244 4020 1296 4055 rer·

202 4070 1240 4199 {tuttituat.{litult²}⁸.¹.'¹.lt⁰?·.l¹l¹.¹”;l¹?altit?titt.
1256 4071 1295 4184 lt

791 4170 800 4194 ‚
1242 4170 1248 4185 .
