2678 4694
443 315 712 403 nncnnn'nor.
730 332 777 385 Ἡ.
800 315 851 387 so.
878 341 900 386 r.
1151 320 1217 389 '821
1264 349 1266 355 ¹

121 484 176 550 Te
189 482 384 549 immeritoi
408 501 452 546 an
467 481 646 566 quicquam
668 500 729 565 pro
752 481 825 545 istis
838 481 939 546 iactis
954 481 1086 564 dignum
1102 488 1134 546 te
1149 482 1219 548 dici

254 589 376 667 potest,

122 685 214 766 Quae
228 705 294 763 me,
310 692 346 750 et
360 693 406 764 te,
422 692 456 749 et
470 684 629 749 familiam
645 684 839 764 dedecoras,
855 685 924 750 titio
939 686 1066 750 luctum
1079 688 1201 770 peresi

117 791 210 855 Tum
225 793 343 866 notem,
354 807 398 850 ex
412 786 531 851 amicis
546 786 671 849 inimici
687 794 723 851 ut
738 786 804 851 sint
817 788 915 850 nobie
931 787 1056 864 affines,
1072 788 1175 868 tacis;

120 891 195 971 Qui
218 890 314 954 illurn
339 886 512 953 decrerunt
537 888 682 970 dignum,
704 907 786 952 suos
809 889 864 954 cui
890 889 1009 955 liberos
1035 891 1218 956 committe·

171 1008 175 1016 ’
252 996 332 1054 rent.
1171 993 1215 1058 15

117 1092 175 1158 Tu
194 1092 270 1156 sola
284 1110 432 1168 exorere,
448 1111 524 1174 quae
540 1092 710 1173 perturbes
726 1090 799 1156 haec
814 1098 870 1155 tua
884 1093 1102 1176 impudentia.

117 1193 183 1258 So.
208 1193 347 1276 Egonet
392 1194 457 1257 LA.
479 1191 546 1269 Tu,
571 1193 719 1275 inquam,
747 1193 877 1272 mulier,
898 1214 974 1276 quae
998 1213 1051 1258 me
1078 1195 1216 1260 omnino

249 1295 411 1377 lapidem,
427 1313 492 1357 non
506 1292 673 1356 hominem
687 1300 797 1376 putas.

113 1394 192 1474 An,
202 1378 281 1479 quin
295 1381 492 1460 ruri'crebro
508 1413 582 1458 esse
598 1393 700 1471 soleo,
715 1394 842 1457 nescire
859 1395 1072 1472 arbitramini,

113 1589 159 1634 tuo
167 1581 270 1631 merito?
285 1597 337 1646 quoe
345 1597 390 1646 nne,
400 1599 451 1646 qno
461 1587 494 1644 te,
505 1581 654 1641 etsumitium
664 1581 793 1642 ignominia
800 1583 890 1646 officie?
905 1587 928 1631 et
933 1582 988 1645 fiiio
999 1583 1096 1643 lurtum,
1104 1590 1127 1633 et
1136 1600 1216 1636 meere-

112 1647 282 1710 rennuerint
297 1648 355 1709 qnin
366 1649 436 1696 etinrr
444 1662 514 1695 rouen
525 1661 559 1708 ee,
569 1661 611 1694 cur
620 1646 736 1712 uffinitete
746 1648 811 1695 notin
817 1647 908 1709 juncti,
919 1662 949 1696 ex
958 1648 1040 1695 amieis
1051 1640 1141 1698 inimici
1150 1653 1217 1700 nun·

111 1712 258 1771 redduntur,
275 1711 315 1774 pei
325 1711 408 1774 fitium
425 1716 529 1760 neutrum
547 1711 609 1759 tenti
625 1715 751 1769 duxerunt,
769 1716 796 1759 et
813 1713 863 1773 ejue
871 1711 934 1773 fidei
951 1725 1004 1759 neon
1019 1712 1103 1760 liberor
1121 1718 1218 1765 tuendos

111 1778 214 1826 wne.
248 1776 284 1824 Tu
300 1777 350 1824 eoin
361 1781 451 1851 reperte
462 1791 495 1837 er,
510 1791 562 1837 quoe
578 1775 620 1822 irne
637 1775 822 1837 perturbationes
839 1774 927 1838 offeror
943 1776 1073 1838 peruieuein
1089 1783 1137 1828 tun.
1170 1780 1215 1830 So.

112 1841 221 1902 Egone?
253 1840 302 1888 LA.
322 1841 366 1899 Tu,
377 1855 481 1903 inquom,
492 1841 576 1889 rnrdier
586 1840 638 1902 ipre
648 1840 777 1900 terseris,
786 1855 838 1902 qnoe
848 1855 884 1888 nre
895 1841 987 1888 omnino
997 1855 1079 1889 renum
1089 1856 1156 1892 eeneu
1166 1845 1217 1906 pri-

112 1910 210 1969 nmrn,
221 1919 268 1954 non
277 1903 392 1956 dontinem
402 1919 452 1954 eree
462 1904 595 1954 arbitrario.
621 1905 660 1953 An
671 1905 725 1966 quin
729 1905 869 1968 frequenter
879 1906 931 1953 ruri
941 1919 991 1953 eum
1003 1905 1027 1953 in
1036 1907 1134 1971 prndio,
1144 1908 1217 1958 idcir·

574 2065 751 2088 mm

113 2154 179 2247 Bip'.
213 2183 278 2232 Cum
287 2183 365 2232 Bent.
377 2182 536 2246 aliquatenus
548 2184 679 2234 consentit
689 2185 773 2233 West.
785 2182 853 2232 ‘Ant
863 2197 949 2232 eecnm
960 2182 1017 2231 hren
1028 2183 1096 2233 dixit
1108 2185 1216 2250 hachen,

114 2255 165 2298 unt
175 2248 282 2309 languet
292 2261 393 2309 vox,ne
404 2246 498 2308 dicent,
510 2248 622 2296 absurda
633 2256 682 2297 est.
698 2249 748 2300 Qui
760 2247 826 2297 seire
836 2261 864 2295 re
875 2247 973 2295 diceret
985 2261 1074 2307 senex,
1086 2248 1213 2300 immerito

112 2327 130 2362 ι
141 2327 172 2361 ne
183 2312 300 2361 recurari
310 2326 429 2373 uxorem,
440 2327 516 2376 qnam
528 2312 618 2361 eodeni
631 2320 749 2375 tempore
761 2312 922 2361 meritissimo
937 2313 996 2374 jure
1014 2314 1131 2361 acerreari
1147 2313 1215 2364 nffir·

113 2377 189 2427 meti
207 2377 243 2424 Et
253 2383 312 2424 ennt
323 2375 443 2437 Codices,
454 2378 480 2425 in
489 2377 581 2440 quibnr
591 2376 621 2424 ri
632 2376 686 2425 Scio
697 2392 747 2425 non
759 2376 861 2439 iegitur.
895 2376 963 2427 Quid
975 2390 1046 2439 vero,
1054 2378 1076 2426 ni
1087 2378 1215 2431 Sonttntae

113 2441 266 2491 tribuetur?
291 2447 320 2489 ut
337 2441 379 2489 hio
397 2440 432 2488 rit
451 2441 586 2490 verborum
604 2441 685 2489 ordo:
710 2440 1009 2503 Mequenbeteirnrnerito
1026 2450 1216 2493 eeeenocunntnrn

110 2503 455 2571 „nmodmrereieoenerin
488 2506 536 2554 LA.
555 2507 588 2554 Te
599 2505 731 2553 immerito?
755 2505 826 2554 ldenr
846 2505 951 2567 Gnyeto
971 2505 1110 2568 placebat!
1143 2508 1216 2559 Seio?

112 2568 183 2635 (nic)
193 2569 240 2617 Br.
251 2582 299 2630 pro
311 2583 335 2616 v.
346 2568 428 2616 t-1n
446 2569 519 2618 Rem.
538 2576 561 2617 et
574 2569 695 2627 familiam
713 2584 803 2618 omnem
818 2570 960 2618 dedecoros:
986 2583 1060 2618 reren
1073 2571 1150 2619 etium
1163 2587 1214 2621 non

110 2639 294 2697 repugnante.
312 2633 357 2681 Fu.
389 2647 479 2680 omnem
499 2647 532 2681 ex
550 2634 623 2681 Bern.
643 2633 744 2687 eddidit
764 2635 809 2681 Fa.
834 2631 947 2690 ‘verrin’
974 2633 1067 2696 inquit,
1085 2642 1154 2683 ‘non
1174 2651 1215 2686 re-

114 2695 270 2763 pugnante!
303 2695 395 2752 Miror,
408 2697 451 2759 qni
463 2697 511 2752 vir,
522 2697 558 2746 eie
570 2697 632 2745 satir
643 2706 780 2745 metrorum
800 2697 908 2758 peritus,
918 2697 967 2744 hoc
985 2697 1072 2747 dicere
1091 2701 1215 2762 potnerit.

115 2763 219 2814 Omne·
228 2759 322 2822 nostri,
332 2775 383 2809 non
394 2761 478 2809 rninns
488 2775 563 2824 qoam
576 2775 663 2809 versor
671 2761 738 2824 ipse,
749 2761 894 2824 repudiant.
928 2760 996 2810 Quin
1006 2768 1033 2810 et
1045 2763 1101 2825 ipsu
1113 2772 1215 2813 senten·

113 2829 156 2877 tin
165 2827 290 2887 dbnegrt.
324 2825 431 2873 sienim
447 2826 455 2853 ⁴
469 2825 595 2874 Omnenr’
609 2825 682 2886 dicis,
692 2839 780 2873 serron
792 2825 856 2873 diois
873 2832 900 2873 et
920 2824 1043 2886 aneillan3
1061 2834 1090 2876 nt
1099 2827 1176 2877 Adel.
1187 2843 1213 2880 v.

113 2894 142 2941 i.
154 2895 196 2940 tn.
216 2887 352 2937 ‘Trndnee
364 2895 391 2938 et
403 2895 511 2937 matrem
523 2895 550 2937 et
566 2887 689 2938 familiam
700 2903 799 2938 omnem
812 2890 844 2936 ed
855 2887 919 2937 nor)
953 2887 994 2936 An
1007 2891 1085 2952 igitur
1095 2899 1123 2940 et
1134 2890 1214 2942 fernu-

113 2952 200 3004 titinrn
219 2953 362 3002 dedecoret
378 2954 511 3002 Sostrate?
537 2953 617 3003 Immo
634 2953 804 3014 ‘Famiiinm,'
821 2954 910 3003 Genus
930 2953 1029 3000 scilieet
1047 2963 1074 3004 et
1090 2956 1213 3019 Mnjoree.

112 3019 192 3069 Bent.
233 3016 322 3066 ‘Libri
340 3017 443 3081 qnidam
462 3015 615 3080 praeferent,
633 3033 722 3067 omnem
735 3016 864 3077 fomiiinm.
900 3016 975 3066 Quod
994 3024 1079 3066 tannen
1096 3020 1213 3084 plerique

112 3083 181 3132 Mne.
193 3095 246 3130 non
257 3091 408 3144 agnoscunt,
420 3096 502 3146 neque
517 3081 579 3130 Hui.
591 3096 640 3130 nee
651 3083 706 3131 ΕΡ.
740 3081 771 3131 In
783 3082 859 3130 Bodi.
871 3095 885 3128 n
898 3082 979 3144 prime
990 3097 1066 3130 manu
1083 3091 1148 3140 eret,
1166 3086 1213 3135 Fo-

112 3146 199 3195 irrienr
212 3145 352 3194 dedecoros!
369 3148 451 3195 Wert.
463 3146 487 3205 s.
499 3160 587 3196 omnent
599 3147 724 3210 Rip—lt
742 3147 777 3195 Tu
788 3152 866 3194 nutem
876 3147 939 3195 Mne.
952 3161 1037 3195 omnen
1049 3147 1119 3210 npnd
1130 3150 1213 3200 Boeei.

108 3209 190 3273 suntin
198 3211 307 3258 Bn-ro
324 3210 477 3259 Deereoerint
489 3211 540 3259 duo
558 3212 623 3260 Men·
634 3211 702 3273 apud
715 3211 796 3259 Boeei.
815 3225 879 3260 nnus
890 3214 1048 3272 decreuerunt,
1060 3220 1087 3262 et
1098 3213 1135 3263 nie
1146 3213 1212 3265 GM.

112 3276 230 3326 len-ro
248 3274 284 3322 Tu
293 3277 343 3322 eoin
353 3274 462 3336 exorere]
486 3281 493 3302 ⁴
506 3275 569 3324 Hui.
582 3276 724 3326 nxnonore.
756 3274 852 3325 Aldina
862 3275 952 3338 editio,
963 3277 1023 3325 unni
1036 3282 1107 3328 1521.
1118 3279 1213 3328 Extor-

112 3353 176 3389 κη.
211 3339 357 3401 Utrumque
367 3338 485 3388 barbare.
517 3340 582 3388 Mss.
600 3340 737 3389 Leidenree
757 3348 817 3397 ner,
837 3342 965 3390 Exorrere.
999 3341 1075 3391 Unde
1092 3344 1212 3407 conjicie-

113 3405 175 3455 bum
187 3401 336 3465 legendnm,
348 3403 479 3450 Enoriere:
495 3404 563 3466 qnod
575 3403 761 3468 ἐμφατικῶτερον
771 3405 873 3454 ridetur
885 3420 942 3454 ennr
954 3404 1097 3468 indignanti
1108 3408 1214 3457 interro·

112 3469 222 3532 gerione
234 3466 400 3529 expressum!
419 3467 494 3514 Weet.
526 3469 631 3516 exureris
640 3470 685 3516 nr.
698 3485 712 3517 e
725 3484 765 3530 pr.
778 3483 811 3519 nr.
844 3471 907 3518 Tres
918 3483 949 3516 err
961 3472 1064 3526 nostris,
1074 3479 1102 3520 et
1113 3486 1158 3533 pro
1169 3487 1212 3520 vn·

111 3535 154 3581 rin
164 3530 278 3581 lectione
286 3537 404 3595 quartur,
413 3529 573 3592 inprudentia.
606 3532 702 3591 Recte;
722 3546 804 3594 neqne
815 3533 884 3580 enim
895 3547 982 3580 verene
994 3535 1099 3582 annatin
1109 3535 1211 3585 enredo

110 3596 287 3655 'li‘oehrenm
303 3609 386 3659 neque
399 3595 495 3644 Laches
507 3607 540 3642 eo
551 3595 678 3657 procedit,
690 3602 718 3643 ut
729 3595 925 3643 moratirsimanr
937 3610 1043 3643 uxorem
1054 3597 1215 3660 ‘Impuden·'

111 3661 178 3712 tte’
194 3665 310 3709 accuset.
343 3656 549 3720 ‘Imprudentia’
566 3659 644 3707 etiem
655 3660 722 3708 bono
734 3660 835 3720 merito,
846 3659 867 3707 si
884 3660 963 3708 iratos
984 3661 1025 3721 sit,
1041 3663 1170 3718 convenit,
1182 3671 1211 3712 nt

112 3725 216 3775 fleant.
227 3737 267 3774 nn.
279 3729 302 3772 1.
314 3727 354 3772 2⁰.
372 3722 435 3779 Seio,
454 3728 478 3772 te
494 3723 629 3771 inscientem
640 3728 708 3785 nique
718 3724 880 3784 inprudentem
898 3725 974 3772 diune
990 3739 1018 3770 ne
1029 3724 1112 3783 serere
1122 3729 1211 3778 omnin.

110 3788 316 3853 ‘impudentia'
333 3801 395 3836 vero
406 3801 456 3837 non
475 3794 516 3836 est
534 3787 701 3837 numantini
721 3788 818 3836 dictum
837 3801 897 3847 erga
909 3802 1021 3837 uxorem.
1045 3788 1117 3836 Beni.
1151 3793 1210 3842 Non

111 3856 214 3967 ercet.
232 3853 363 3902 nnn-rr
373 3852 421 3900 -An
436 3865 509 3911 egone
520 3866 607 3900 omnen
624 3851 693 3913 npnd
711 3853 792 3901 Boeel.
812 3851 900 3902 Guelf.
917 3857 942 3902 1.
975 3856 999 3899 tu
1011 3851 1106 3914 inquom
1116 3868 1159 3916 ego
1170 3856 1210 3908 Μ.

139 3932 229 3969 ereum
241 3917 308 3965 irone
319 3916 356 3965 ite
367 3915 482 3964 invenias
500 3916 527 3962 in
547 3916 675 3980 plerisque
693 3915 766 3964 libris
785 3916 906 3979 seriptis:
931 3916 976 3965 So.
992 3916 1092 3977 Egone?
1124 3920 1172 3971 LA.
1184 3927 1211 3972 tn

111 3984 214 4047 bouem
228 3981 322 4041 mulier,
332 3995 383 4043 quo
393 3994 430 4028 rne
439 3978 531 4027 omnino
541 3981 640 4043 lapidem
652 3994 698 4028 non
708 3979 823 4028 iorninern
836 3986 913 4043 putor.
945 3981 980 4029 Et
995 3988 1049 4029 stet
1060 3983 1158 4044 optime
1167 3986 1211 4036 hie

113 4046 274 4101 octonarius,
283 4045 304 4092 ei
315 4045 421 4106 primam
434 4043 493 4104 eine
501 4045 622 4107 syllanum
634 4043 792 4107 praecedenti
800 4044 950 4094 attribuerit
962 4060 968 4092 r
981 4059 1042 4093 nene
1054 4047 1131 4096 etiem
1139 4051 1208 4101 Don.

113 4109 461 4175 iegitnonironrinenrputne.
478 4108 523 4156 Fa.
557 4109 656 4170 Egone?
673 4110 709 4157 Tu
719 4109 814 4170 inquom
824 4109 915 4157 mulier.
944 4109 1212 4164 SiededitFne'rnurr

114 4178 162 4231 red
175 4175 269 4227 mirere
280 4181 363 4224 metro
374 4171 505 4236 providet,
516 4187 574 4221 eum
587 4175 611 4222 B
620 4173 747 4237 superiori
758 4175 876 4238 opponit,
888 4178 916 4222 et
925 4173 992 4224 hunc
1003 4189 1087 4237 agene
1097 4177 1209 4230 inchoat.

1319 4162 1331 4257 i
