<?xml version="1.0" encoding="UTF-8"?>
<!DOCTYPE html PUBLIC "-//W3C//DTD XHTML 1.0 Transitional//EN"
    "http://www.w3.org/TR/xhtml1/DTD/xhtml1-transitional.dtd">
<html xmlns="http://www.w3.org/1999/xhtml" xml:lang="en" lang="en">
 <head>
  <title>
</title>
<meta http-equiv="Content-Type" content="text/html;charset=utf-8" />
  <meta name='ocr-system' content='tesseract 3.04.00' />
  <meta name='ocr-capabilities' content='ocr_page ocr_carea ocr_par ocr_line ocrx_word'/>
</head>
<body>
  <div class='ocr_page' id='page_1' title='image "./comoedisex01westgoog_0416.png"; bbox 0 0 2678 4694; ppageno 0'>
   <div class='ocr_carea' id='block_1_1' title="bbox 262 319 1210 389">
    <p class='ocr_par' dir='ltr' id='par_1_1' title="bbox 262 319 1210 389">
     <span class='ocr_line' id='line_1_1' title="bbox 262 319 1210 389; baseline 0.011 -10"><span class='ocrx_word' id='word_1_1' title='bbox 262 372 264 379; x_wconf 82' lang='grc'>,</span> <span class='ocrx_word' id='word_1_2' title='bbox 316 368 319 373; x_wconf 94' lang='grc'>.</span> <span class='ocrx_word' id='word_1_3' title='bbox 394 338 597 388; x_wconf 67' lang='lat' dir='ltr'><strong>unorum</strong></span> <span class='ocrx_word' id='word_1_4' title='bbox 620 339 705 388; x_wconf 78' lang='lat' dir='ltr'><strong>eor.</strong></span> <span class='ocrx_word' id='word_1_5' title='bbox 728 339 763 386; x_wconf 91' lang='lat' dir='ltr'><strong>v.</strong></span> <span class='ocrx_word' id='word_1_6' title='bbox 786 339 840 388; x_wconf 84' lang='lat' dir='ltr'><strong>so.</strong></span> <span class='ocrx_word' id='word_1_7' title='bbox 864 339 913 387; x_wconf 85' lang='grc' dir='ltr'><strong>ιν.</strong></span> <span class='ocrx_word' id='word_1_8' title='bbox 1145 319 1210 389; x_wconf 76' lang='lat'><strong>907</strong></span> 
     </span>
    </p>
   </div>
   <div class='ocr_carea' id='block_1_2' title="bbox 115 469 1212 1262">
    <p class='ocr_par' dir='ltr' id='par_1_2' title="bbox 115 469 1210 663">
     <span class='ocr_line' id='line_1_2' title="bbox 115 469 1210 566; baseline 0.002 -22"><span class='ocrx_word' id='word_1_9' title='bbox 115 482 234 565; x_wconf 86' lang='lat' dir='ltr'><strong>Egone</strong></span> <span class='ocrx_word' id='word_1_10' title='bbox 248 480 336 547; x_wconf 88' lang='lat' dir='ltr'><strong>huno</strong></span> <span class='ocrx_word' id='word_1_11' title='bbox 350 482 393 545; x_wconf 90' lang='lat' dir='ltr'><strong>ab</strong></span> <span class='ocrx_word' id='word_1_12' title='bbox 407 469 495 547; x_wconf 85' lang='lat' dir='ltr'><strong>Orco</strong></span> <span class='ocrx_word' id='word_1_13' title='bbox 509 483 699 547; x_wconf 83' lang='lat' dir='ltr'><strong>mortuuml</strong></span> <span class='ocrx_word' id='word_1_14' title='bbox 715 502 782 566; x_wconf 90' lang='lat' dir='ltr'><strong>quo</strong></span> <span class='ocrx_word' id='word_1_15' title='bbox 798 482 920 565; x_wconf 84' lang='lat' dir='ltr'><strong>pactoi</strong></span> <span class='ocrx_word' id='word_1_16' title='bbox 965 481 1062 546; x_wconf 82' lang='lat' dir='ltr'><strong>Pan.</strong></span> <span class='ocrx_word' id='word_1_17' title='bbox 1075 476 1210 561; x_wconf 76' lang='lat' dir='ltr'><strong>Nescis,</strong></span> 
     </span>
     <span class='ocr_line' id='line_1_3' title="bbox 252 582 1210 663; baseline 0.004 -18"><span class='ocrx_word' id='word_1_18' title='bbox 252 582 433 663; x_wconf 86' lang='lat' dir='ltr'><strong>Parmeno,</strong></span> <span class='ocrx_word' id='word_1_19' title='bbox 1166 585 1210 649; x_wconf 76' lang='grc'><strong>35</strong></span> 
     </span>
    </p>

    <p class='ocr_par' dir='ltr' id='par_1_3' title="bbox 116 685 1211 852">
     <span class='ocr_line' id='line_1_4' title="bbox 116 685 1211 771; baseline 0.001 -21"><span class='ocrx_word' id='word_1_20' title='bbox 116 686 291 767; x_wconf 81' lang='lat' dir='ltr'><strong>Quantum</strong></span> <span class='ocrx_word' id='word_1_21' title='bbox 306 685 405 751; x_wconf 91' lang='lat' dir='ltr'><strong>hodie</strong></span> <span class='ocrx_word' id='word_1_22' title='bbox 419 687 581 771; x_wconf 82' lang='lat' dir='ltr'>profueris</span> <span class='ocrx_word' id='word_1_23' title='bbox 595 687 687 765; x_wconf 89' lang='lat' dir='ltr'><strong>mihi,</strong></span> <span class='ocrx_word' id='word_1_24' title='bbox 711 692 744 752; x_wconf 89' lang='lat' dir='ltr'><strong>et</strong></span> <span class='ocrx_word' id='word_1_25' title='bbox 767 707 811 750; x_wconf 85' lang='lat' dir='ltr'><strong>ex</strong></span> <span class='ocrx_word' id='word_1_26' title='bbox 838 691 963 771; x_wconf 89' lang='lat' dir='ltr'><strong>quanta</strong></span> <span class='ocrx_word' id='word_1_27' title='bbox 987 705 1133 754; x_wconf 77' lang='lat' dir='ltr'><strong>mrumna</strong></span> <span class='ocrx_word' id='word_1_28' title='bbox 1150 706 1211 751; x_wconf 81' lang='lat' dir='ltr'><strong>ax-</strong></span> 
     </span>
     <span class='ocr_line' id='line_1_5' title="bbox 251 790 918 852; baseline 0.007 -1"><span class='ocrx_word' id='word_1_29' title='bbox 251 790 405 852; x_wconf 77' lang='lat' dir='ltr'><strong>traxeris.</strong></span> <span class='ocrx_word' id='word_1_30' title='bbox 915 835 918 839; x_wconf 92' lang='lat'><em>-</em></span> 
     </span>
    </p>

    <p class='ocr_par' dir='ltr' id='par_1_4' title="bbox 116 889 1207 974">
     <span class='ocr_line' id='line_1_6' title="bbox 116 889 1207 974; baseline -0.001 -19"><span class='ocrx_word' id='word_1_31' title='bbox 116 889 214 955; x_wconf 81' lang='lat' dir='ltr'><strong>Pau.</strong></span> <span class='ocrx_word' id='word_1_32' title='bbox 237 890 345 955; x_wconf 89' lang='lat' dir='ltr'><strong>Immo</strong></span> <span class='ocrx_word' id='word_1_33' title='bbox 360 910 439 955; x_wconf 92' lang='lat' dir='ltr'><strong>vero</strong></span> <span class='ocrx_word' id='word_1_34' title='bbox 454 891 548 972; x_wconf 86' lang='lat' dir='ltr'><strong>soio;</strong></span> <span class='ocrx_word' id='word_1_35' title='bbox 569 910 678 974; x_wconf 87' lang='lat' dir='ltr'><strong>noque</strong></span> <span class='ocrx_word' id='word_1_36' title='bbox 703 890 766 955; x_wconf 89' lang='lat' dir='ltr'><strong>hoc</strong></span> <span class='ocrx_word' id='word_1_37' title='bbox 782 889 974 974; x_wconf 83' lang='lat' dir='ltr'>imprudens</span> <span class='ocrx_word' id='word_1_38' title='bbox 989 889 1066 954; x_wconf 85' lang='lat' dir='ltr'><strong>ieci.</strong></span> <span class='ocrx_word' id='word_1_39' title='bbox 1111 890 1207 955; x_wconf 80' lang='lat' dir='ltr'><strong>Pam.</strong></span> 
     </span>
    </p>

    <p class='ocr_par' dir='ltr' id='par_1_5' title="bbox 163 991 624 1077">
     <span class='ocr_line' id='line_1_7' title="bbox 163 991 624 1077; baseline -0.002 -21"><span class='ocrx_word' id='word_1_40' title='bbox 163 1071 166 1077; x_wconf 19' lang='lat'><strong><em>¹</em></strong></span> <span class='ocrx_word' id='word_1_41' title='bbox 249 991 324 1074; x_wconf 82' lang='lat' dir='ltr'><strong>Ego</strong></span> <span class='ocrx_word' id='word_1_42' title='bbox 339 992 424 1056; x_wconf 86' lang='lat' dir='ltr'><strong>istuc</strong></span> <span class='ocrx_word' id='word_1_43' title='bbox 439 994 525 1057; x_wconf 87' lang='lat' dir='ltr'><strong>satis</strong></span> <span class='ocrx_word' id='word_1_44' title='bbox 541 993 624 1058; x_wconf 89' lang='lat' dir='ltr'><strong>scio.</strong></span> 
     </span>
    </p>

    <p class='ocr_par' dir='ltr' id='par_1_6' title="bbox 115 1091 1212 1181">
     <span class='ocr_line' id='line_1_8' title="bbox 115 1091 1212 1181; baseline 0.004 -23"><span class='ocrx_word' id='word_1_45' title='bbox 115 1093 215 1158; x_wconf 80' lang='lat' dir='ltr'><strong>Pan.</strong></span> <span class='ocrx_word' id='word_1_46' title='bbox 239 1091 292 1157; x_wconf 81' lang='lat' dir='ltr'><strong>Ao</strong></span> <span class='ocrx_word' id='word_1_47' title='bbox 315 1099 437 1158; x_wconf 89' lang='lat' dir='ltr'><strong>temere</strong></span> <span class='ocrx_word' id='word_1_48' title='bbox 458 1097 640 1179; x_wconf 89' lang='lat' dir='ltr'><strong>quicquam</strong></span> <span class='ocrx_word' id='word_1_49' title='bbox 653 1093 896 1160; x_wconf 83' lang='lat' dir='ltr'><strong>Parmenonem</strong></span> <span class='ocrx_word' id='word_1_50' title='bbox 917 1101 1106 1181; x_wconf 73' lang='lat' dir='ltr'><strong>praeterear,</strong></span> <span class='ocrx_word' id='word_1_51' title='bbox 1121 1095 1212 1181; x_wconf 88' lang='lat' dir='ltr'><strong>quod</strong></span> 
     </span>
    </p>

    <p class='ocr_par' dir='ltr' id='par_1_7' title="bbox 249 1193 521 1262">
     <span class='ocr_line' id='line_1_9' title="bbox 249 1193 521 1262; baseline 0.007 -3"><span class='ocrx_word' id='word_1_52' title='bbox 249 1193 342 1260; x_wconf 84' lang='lat' dir='ltr'><strong>facto</strong></span> <span class='ocrx_word' id='word_1_53' title='bbox 357 1215 441 1261; x_wconf 88' lang='lat' dir='ltr'><strong>osus</strong></span> <span class='ocrx_word' id='word_1_54' title='bbox 455 1197 521 1262; x_wconf 80' lang='lat' dir='ltr'><strong>siti</strong></span> 
     </span>
    </p>
   </div>
   <div class='ocr_carea' id='block_1_3' title="bbox 113 1413 1216 1670">
    <p class='ocr_par' dir='ltr' id='par_1_8' title="bbox 113 1413 1216 1670">
     <span class='ocr_line' id='line_1_10' title="bbox 114 1413 1216 1492; baseline 0.003 -31"><span class='ocrx_word' id='word_1_55' title='bbox 114 1426 262 1486; x_wconf 70' lang='lat' dir='ltr'><strong>regnarem.</strong></span> <span class='ocrx_word' id='word_1_56' title='bbox 294 1413 366 1465; x_wconf 74' lang='lat' dir='ltr'><strong>Pan.</strong></span> <span class='ocrx_word' id='word_1_57' title='bbox 386 1413 472 1464; x_wconf 76' lang='lat' dir='ltr'><strong>Tamen</strong></span> <span class='ocrx_word' id='word_1_58' title='bbox 489 1415 595 1491; x_wconf 69' lang='lat' dir='ltr'><strong>conjicio.</strong></span> <span class='ocrx_word' id='word_1_59' title='bbox 629 1417 710 1478; x_wconf 77' lang='lat' dir='ltr'><strong>Egone</strong></span> <span class='ocrx_word' id='word_1_60' title='bbox 724 1417 784 1466; x_wconf 76' lang='lat' dir='ltr'><strong>hanc</strong></span> <span class='ocrx_word' id='word_1_61' title='bbox 797 1415 827 1464; x_wconf 81' lang='lat' dir='ltr'><strong>ao</strong></span> <span class='ocrx_word' id='word_1_62' title='bbox 846 1417 907 1492; x_wconf 77' lang='lat' dir='ltr'><strong>Orco</strong></span> <span class='ocrx_word' id='word_1_63' title='bbox 922 1421 1037 1492; x_wconf 73' lang='lat' dir='ltr'><strong>mortuam</strong></span> <span class='ocrx_word' id='word_1_64' title='bbox 1054 1417 1081 1465; x_wconf 83' lang='lat' dir='ltr'><strong>in</strong></span> <span class='ocrx_word' id='word_1_65' title='bbox 1095 1418 1216 1492; x_wconf 72' lang='lat' dir='ltr'><strong>lueemre·</strong></span> 
     </span>
     <span class='ocr_line' id='line_1_11' title="bbox 113 1475 1214 1603; baseline 0.001 -11"><span class='ocrx_word' id='word_1_66' title='bbox 113 1475 369 1592; x_wconf 54' lang='lat' dir='ltr'><strong>...w</strong></span> <span class='ocrx_word' id='word_1_67' title='bbox 401 1479 734 1593; x_wconf 53' lang='lat' dir='ltr'><strong>...nm</strong></span> <span class='ocrx_word' id='word_1_68' title='bbox 748 1480 1214 1603; x_wconf 61' lang='lat' dir='ltr'><strong>fr.</strong></span> 
     </span>
     <span class='ocr_line' id='line_1_12' title="bbox 114 1546 1214 1670; baseline 0 -14"><span class='ocrx_word' id='word_1_69' title='bbox 114 1546 950 1670; x_wconf 33' lang='grc' dir='ltr'><strong>πᾶνΝησιῗεμκίο,οίείαῆίεσίηετήσοηὲιῖῑοῑὲηιίἔΐ</strong></span> <span class='ocrx_word' id='word_1_70' title='bbox 975 1559 1059 1659; x_wconf 49' lang='grc' dir='ltr'><strong>ἔξω.</strong></span> <span class='ocrx_word' id='word_1_71' title='bbox 1092 1607 1214 1658; x_wconf 65' lang='lat' dir='ltr'><strong>Parada</strong></span> 
     </span>
    </p>
   </div>
   <div class='ocr_carea' id='block_1_4' title="bbox 108 1624 1216 1745">
    <p class='ocr_par' dir='ltr' id='par_1_9' title="bbox 108 1624 1216 1745">
     <span class='ocr_line' id='line_1_13' title="bbox 108 1624 1216 1745; baseline 0 -23"><span class='ocrx_word' id='word_1_72' title='bbox 108 1668 191 1745; x_wconf 69' lang='lat' dir='ltr'><strong>[urile</strong></span> <span class='ocrx_word' id='word_1_73' title='bbox 201 1670 321 1721; x_wconf 68' lang='lat' dir='ltr'><strong>rem·</strong></span> <span class='ocrx_word' id='word_1_74' title='bbox 336 1672 432 1734; x_wconf 65' lang='lat' dir='ltr'><strong>incra</strong></span> <span class='ocrx_word' id='word_1_75' title='bbox 450 1673 586 1736; x_wconf 63' lang='lat' dir='ltr'><strong>maronam·</strong></span> <span class='ocrx_word' id='word_1_76' title='bbox 599 1675 661 1735; x_wconf 76' lang='lat' dir='ltr'><strong>prod</strong></span> <span class='ocrx_word' id='word_1_77' title='bbox 671 1671 755 1733; x_wconf 83' lang='lat' dir='ltr'><strong>sarcre</strong></span> <span class='ocrx_word' id='word_1_78' title='bbox 772 1673 831 1722; x_wconf 82' lang='lat' dir='ltr'><strong>aliie</strong></span> <span class='ocrx_word' id='word_1_79' title='bbox 843 1624 1050 1733; x_wconf 51' lang='lat' dir='ltr'><strong>semismnae.</strong></span> <span class='ocrx_word' id='word_1_80' title='bbox 1067 1671 1168 1737; x_wconf 72' lang='lat' dir='ltr'><strong>Sequere</strong></span> <span class='ocrx_word' id='word_1_81' title='bbox 1178 1685 1216 1722; x_wconf 78' lang='lat' dir='ltr'><strong>mr</strong></span> 
     </span>
    </p>
   </div>
   <div class='ocr_carea' id='block_1_5' title="bbox 577 1814 756 1841">
    <p class='ocr_par' dir='ltr' id='par_1_10' title="bbox 577 1814 756 1841">
     <span class='ocr_line' id='line_1_14' title="bbox 577 1814 756 1841; baseline 0.028 -6"><span class='ocrx_word' id='word_1_82' title='bbox 577 1814 756 1841; x_wconf 64' lang='grc'><strong><em>000100011110</em></strong></span> 
     </span>
    </p>
   </div>
   <div class='ocr_carea' id='block_1_6' title="bbox 115 1929 1222 4244">
    <p class='ocr_par' dir='ltr' id='par_1_11' title="bbox 115 1929 1222 4244">
     <span class='ocr_line' id='line_1_15' title="bbox 117 1929 1215 1994; baseline 0.001 -15"><span class='ocrx_word' id='word_1_83' title='bbox 117 1929 190 1979; x_wconf 87' lang='lat' dir='ltr'><strong>delet</strong></span> <span class='ocrx_word' id='word_1_84' title='bbox 202 1930 279 1979; x_wconf 84' lang='lat' dir='ltr'><strong>Both.</strong></span> <span class='ocrx_word' id='word_1_85' title='bbox 303 1943 362 1979; x_wconf 87' lang='lat' dir='ltr'><strong>mox</strong></span> <span class='ocrx_word' id='word_1_86' title='bbox 374 1929 440 1979; x_wconf 88' lang='lat' dir='ltr'><strong>idem</strong></span> <span class='ocrx_word' id='word_1_87' title='bbox 453 1936 501 1980; x_wconf 84' lang='lat' dir='ltr'><strong>tam</strong></span> <span class='ocrx_word' id='word_1_88' title='bbox 511 1932 689 1994; x_wconf 68' lang='lat' dir='ltr'><strong>carpinum-85</strong></span> <span class='ocrx_word' id='word_1_89' title='bbox 709 1931 762 1991; x_wconf 79' lang='lat' dir='ltr'><strong>Ego</strong></span> <span class='ocrx_word' id='word_1_90' title='bbox 780 1931 841 1980; x_wconf 85' lang='lat' dir='ltr'><strong>hane</strong></span> <span class='ocrx_word' id='word_1_91' title='bbox 857 1930 976 1979; x_wconf 73' lang='lat' dir='ltr'><strong>Donatus</strong></span> <span class='ocrx_word' id='word_1_92' title='bbox 995 1936 1022 1979; x_wconf 89' lang='lat' dir='ltr'><strong>et</strong></span> <span class='ocrx_word' id='word_1_93' title='bbox 1033 1930 1108 1980; x_wconf 87' lang='lat' dir='ltr'><strong>Bero.</strong></span> <span class='ocrx_word' id='word_1_94' title='bbox 1126 1929 1215 1980; x_wconf 82' lang='lat' dir='ltr'><strong>Fo&#39;e‘rn.</strong></span> 
     </span>
     <span class='ocr_line' id='line_1_16' title="bbox 118 1994 1217 2057; baseline 0.001 -14"><span class='ocrx_word' id='word_1_95' title='bbox 118 1995 211 2044; x_wconf 70' lang='lat' dir='ltr'><strong>Naeui</strong></span> <span class='ocrx_word' id='word_1_96' title='bbox 223 2010 281 2056; x_wconf 82' lang='lat' dir='ltr'><strong>egon</strong></span> <span class='ocrx_word' id='word_1_97' title='bbox 303 1996 371 2044; x_wconf 84' lang='lat' dir='ltr'><strong>hunc.</strong></span> <span class='ocrx_word' id='word_1_98' title='bbox 404 1996 474 2044; x_wconf 89' lang='lat' dir='ltr'><strong>Nihil</strong></span> <span class='ocrx_word' id='word_1_99' title='bbox 486 1996 602 2047; x_wconf 83' lang='lat' dir='ltr'><strong>interest.</strong></span> <span class='ocrx_word' id='word_1_100' title='bbox 629 1998 703 2046; x_wconf 87' lang='lat' dir='ltr'><strong>Bent.</strong></span> <span class='ocrx_word' id='word_1_101' title='bbox 742 1995 821 2057; x_wconf 78' lang='lat' dir='ltr'><strong>Egon&#39;</strong></span> <span class='ocrx_word' id='word_1_102' title='bbox 840 1995 898 2057; x_wconf 88' lang='lat' dir='ltr'><strong>Bip.</strong></span> <span class='ocrx_word' id='word_1_103' title='bbox 923 1995 1065 2044; x_wconf 69' lang='lat' dir='ltr'><strong>Both—ati</strong></span> <span class='ocrx_word' id='word_1_104' title='bbox 1090 1994 1217 2054; x_wconf 76' lang='lat' dir='ltr'><strong>Proferrir</strong></span> 
     </span>
     <span class='ocr_line' id='line_1_17' title="bbox 115 2059 1216 2123; baseline -0.001 -14"><span class='ocrx_word' id='word_1_105' title='bbox 115 2065 141 2109; x_wconf 79' lang='lat' dir='ltr'><strong>et</strong></span> <span class='ocrx_word' id='word_1_106' title='bbox 151 2073 191 2109; x_wconf 78' lang='lat' dir='ltr'><strong>nee</strong></span> <span class='ocrx_word' id='word_1_107' title='bbox 200 2075 232 2108; x_wconf 75' lang='lat' dir='ltr'><strong>aa</strong></span> <span class='ocrx_word' id='word_1_108' title='bbox 243 2059 319 2108; x_wconf 87' lang='lat' dir='ltr'><strong>Both.</strong></span> <span class='ocrx_word' id='word_1_109' title='bbox 352 2060 382 2107; x_wconf 91' lang='lat' dir='ltr'><strong>ln</strong></span> <span class='ocrx_word' id='word_1_110' title='bbox 394 2060 503 2123; x_wconf 77' lang='lat' dir='ltr'><strong>antiquis</strong></span> <span class='ocrx_word' id='word_1_111' title='bbox 513 2061 585 2109; x_wconf 75' lang='lat' dir='ltr'><strong>libris</strong></span> <span class='ocrx_word' id='word_1_112' title='bbox 598 2062 671 2109; x_wconf 90' lang='lat' dir='ltr'><strong>Bem.</strong></span> <span class='ocrx_word' id='word_1_113' title='bbox 683 2061 745 2110; x_wconf 86' lang='lat' dir='ltr'><strong>Vat.</strong></span> <span class='ocrx_word' id='word_1_114' title='bbox 755 2069 782 2109; x_wconf 87' lang='lat' dir='ltr'><strong>et</strong></span> <span class='ocrx_word' id='word_1_115' title='bbox 796 2061 857 2109; x_wconf 75' lang='lat' dir='ltr'><strong>Bas.</strong></span> <span class='ocrx_word' id='word_1_116' title='bbox 867 2073 918 2107; x_wconf 88' lang='lat' dir='ltr'><strong>non</strong></span> <span class='ocrx_word' id='word_1_117' title='bbox 929 2066 971 2107; x_wconf 81' lang='lat' dir='ltr'><strong>est</strong></span> <span class='ocrx_word' id='word_1_118' title='bbox 981 2072 1120 2121; x_wconf 87' lang='lat' dir='ltr'><strong>pronomen</strong></span> <span class='ocrx_word' id='word_1_119' title='bbox 1131 2073 1176 2120; x_wconf 87' lang='lat' dir='ltr'><strong>me,</strong></span> <span class='ocrx_word' id='word_1_120' title='bbox 1189 2066 1216 2108; x_wconf 88' lang='lat' dir='ltr'><strong>et</strong></span> 
     </span>
     <span class='ocr_line' id='line_1_18' title="bbox 116 2122 1216 2188; baseline -0.003 -14"><span class='ocrx_word' id='word_1_121' title='bbox 116 2123 145 2174; x_wconf 85' lang='lat' dir='ltr'><strong>iu</strong></span> <span class='ocrx_word' id='word_1_122' title='bbox 157 2123 229 2173; x_wconf 82' lang='lat' dir='ltr'><strong>Vici.</strong></span> <span class='ocrx_word' id='word_1_123' title='bbox 241 2123 354 2172; x_wconf 84' lang='lat' dir='ltr'><strong>deletum</strong></span> <span class='ocrx_word' id='word_1_124' title='bbox 372 2131 421 2172; x_wconf 79' lang='lat' dir='ltr'><strong>ert.</strong></span> <span class='ocrx_word' id='word_1_125' title='bbox 443 2125 487 2171; x_wconf 83' lang='lat' dir='ltr'><strong>Pa.</strong></span> <span class='ocrx_word' id='word_1_126' title='bbox 520 2126 575 2174; x_wconf 76' lang='lat' dir='ltr'><strong>Nini</strong></span> <span class='ocrx_word' id='word_1_127' title='bbox 588 2126 647 2173; x_wconf 85' lang='lat' dir='ltr'><strong>mihi</strong></span> <span class='ocrx_word' id='word_1_128' title='bbox 657 2125 713 2172; x_wconf 79' lang='lat' dir='ltr'><strong>aine</strong></span> <span class='ocrx_word' id='word_1_129' title='bbox 725 2125 871 2188; x_wconf 69' lang='lat' dir='ltr'><strong>synalepha</strong></span> <span class='ocrx_word' id='word_1_130' title='bbox 887 2123 930 2180; x_wconf 77' lang='lat' dir='ltr'><strong>ait,</strong></span> <span class='ocrx_word' id='word_1_131' title='bbox 940 2136 1027 2169; x_wconf 80' lang='lat' dir='ltr'><strong>vernus</strong></span> <span class='ocrx_word' id='word_1_132' title='bbox 1044 2122 1111 2183; x_wconf 87' lang='lat' dir='ltr'><strong>pede</strong></span> <span class='ocrx_word' id='word_1_133' title='bbox 1122 2123 1216 2171; x_wconf 83' lang='lat' dir='ltr'><strong>oiaodo</strong></span> 
     </span>
     <span class='ocr_line' id='line_1_19' title="bbox 116 2187 1217 2252; baseline 0 -15"><span class='ocrx_word' id='word_1_134' title='bbox 116 2193 169 2238; x_wconf 82' lang='lat' dir='ltr'><strong>ent.</strong></span> <span class='ocrx_word' id='word_1_135' title='bbox 203 2188 322 2248; x_wconf 80' lang='lat' dir='ltr'><strong>Repone,</strong></span> <span class='ocrx_word' id='word_1_136' title='bbox 335 2190 454 2243; x_wconf 81' lang='lat' dir='ltr'><strong>Quantum</strong></span> <span class='ocrx_word' id='word_1_137' title='bbox 466 2188 534 2237; x_wconf 85' lang='lat' dir='ltr'><strong>hodie</strong></span> <span class='ocrx_word' id='word_1_138' title='bbox 542 2189 660 2252; x_wconf 80' lang='lat' dir='ltr'><strong>profuerit</strong></span> <span class='ocrx_word' id='word_1_139' title='bbox 668 2189 735 2244; x_wconf 84' lang='lat' dir='ltr'><strong>mihi,</strong></span> <span class='ocrx_word' id='word_1_140' title='bbox 745 2194 814 2237; x_wconf 83' lang='lat' dir='ltr'><strong>elme</strong></span> <span class='ocrx_word' id='word_1_141' title='bbox 825 2203 855 2236; x_wconf 83' lang='lat' dir='ltr'><strong>ex</strong></span> <span class='ocrx_word' id='word_1_142' title='bbox 865 2190 953 2248; x_wconf 76' lang='lat' dir='ltr'><strong>quanto</strong></span> <span class='ocrx_word' id='word_1_143' title='bbox 960 2199 1065 2232; x_wconf 78' lang='lat' dir='ltr'><strong>aerumna</strong></span> <span class='ocrx_word' id='word_1_144' title='bbox 1073 2187 1217 2237; x_wconf 70' lang='lat' dir='ltr'><strong>extraxeris.</strong></span> 
     </span>
     <span class='ocr_line' id='line_1_20' title="bbox 116 2249 1217 2302; baseline -0.005 -1"><span class='ocrx_word' id='word_1_145' title='bbox 116 2251 264 2302; x_wconf 67' lang='lat' dir='ltr'><strong>Dent-37</strong></span> <span class='ocrx_word' id='word_1_146' title='bbox 285 2251 345 2300; x_wconf 85' lang='lat' dir='ltr'><strong>Vero</strong></span> <span class='ocrx_word' id='word_1_147' title='bbox 361 2251 431 2300; x_wconf 85' lang='lat' dir='ltr'><strong>delet</strong></span> <span class='ocrx_word' id='word_1_148' title='bbox 449 2252 529 2302; x_wconf 87' lang='lat' dir='ltr'><strong>Both.</strong></span> <span class='ocrx_word' id='word_1_149' title='bbox 561 2266 614 2301; x_wconf 84' lang='lat' dir='ltr'><strong>nere</strong></span> <span class='ocrx_word' id='word_1_150' title='bbox 634 2251 721 2301; x_wconf 82' lang='lat' dir='ltr'><strong>Guelf.</strong></span> <span class='ocrx_word' id='word_1_151' title='bbox 736 2256 759 2300; x_wconf 94' lang='lat' dir='ltr'><strong>l.</strong></span> <span class='ocrx_word' id='word_1_152' title='bbox 792 2266 837 2299; x_wconf 90' lang='lat' dir='ltr'><strong>non</strong></span> <span class='ocrx_word' id='word_1_153' title='bbox 854 2250 896 2298; x_wconf 88' lang='lat' dir='ltr'><strong>hoo</strong></span> <span class='ocrx_word' id='word_1_154' title='bbox 913 2262 977 2296; x_wconf 83' lang='lat' dir='ltr'><strong>unua</strong></span> <span class='ocrx_word' id='word_1_155' title='bbox 994 2263 1009 2296; x_wconf 88' lang='lat' dir='ltr'><strong>e</strong></span> <span class='ocrx_word' id='word_1_156' title='bbox 1024 2249 1217 2298; x_wconf 79' lang='lat' dir='ltr'><strong>Mea.Boecl.-</strong></span> 
     </span>
     <span class='ocr_line' id='line_1_21' title="bbox 116 2313 1217 2380; baseline -0.002 -16"><span class='ocrx_word' id='word_1_157' title='bbox 116 2319 151 2364; x_wconf 69' lang='lat'><strong>28</strong></span> <span class='ocrx_word' id='word_1_158' title='bbox 170 2315 248 2364; x_wconf 84' lang='lat' dir='ltr'><strong>Varie</strong></span> <span class='ocrx_word' id='word_1_159' title='bbox 259 2316 364 2378; x_wconf 77' lang='lat' dir='ltr'><strong>legitur,</strong></span> <span class='ocrx_word' id='word_1_160' title='bbox 377 2317 526 2380; x_wconf 85' lang='lat' dir='ltr'><strong>capiturque</strong></span> <span class='ocrx_word' id='word_1_161' title='bbox 538 2317 578 2364; x_wconf 86' lang='lat' dir='ltr'><strong>hic</strong></span> <span class='ocrx_word' id='word_1_162' title='bbox 591 2331 686 2365; x_wconf 79' lang='lat' dir='ltr'><strong>varrus.</strong></span> <span class='ocrx_word' id='word_1_163' title='bbox 707 2317 828 2364; x_wconf 77' lang='lat' dir='ltr'><strong>Donatus</strong></span> <span class='ocrx_word' id='word_1_164' title='bbox 840 2313 952 2369; x_wconf 84' lang='lat' dir='ltr'><strong>dubitat,</strong></span> <span class='ocrx_word' id='word_1_165' title='bbox 963 2313 1038 2363; x_wconf 88' lang='lat' dir='ltr'><strong>modo</strong></span> <span class='ocrx_word' id='word_1_166' title='bbox 1050 2313 1217 2376; x_wconf 88' lang='lat' dir='ltr'><strong>Parmenoni,</strong></span> 
     </span>
     <span class='ocr_line' id='line_1_22' title="bbox 117 2377 1217 2442; baseline -0.004 -12"><span class='ocrx_word' id='word_1_167' title='bbox 117 2379 199 2430; x_wconf 70' lang='lat' dir='ltr'><strong>muodo</strong></span> <span class='ocrx_word' id='word_1_168' title='bbox 211 2380 333 2429; x_wconf 86' lang='lat' dir='ltr'><strong>Bacchidi</strong></span> <span class='ocrx_word' id='word_1_169' title='bbox 347 2380 469 2429; x_wconf 83' lang='lat' dir='ltr'><strong>tribuens.</strong></span> <span class='ocrx_word' id='word_1_170' title='bbox 501 2381 528 2429; x_wconf 89' lang='lat' dir='ltr'><strong>Si</strong></span> <span class='ocrx_word' id='word_1_171' title='bbox 540 2381 674 2436; x_wconf 78' lang='lat' dir='ltr'><strong>Bacchidi,</strong></span> <span class='ocrx_word' id='word_1_172' title='bbox 683 2380 723 2429; x_wconf 84' lang='lat' dir='ltr'><strong>hir.</strong></span> <span class='ocrx_word' id='word_1_173' title='bbox 737 2379 839 2441; x_wconf 73' lang='lat' dir='ltr'><strong>quidem</strong></span> <span class='ocrx_word' id='word_1_174' title='bbox 851 2391 940 2428; x_wconf 79' lang='lat' dir='ltr'><strong>seusun</strong></span> <span class='ocrx_word' id='word_1_175' title='bbox 952 2377 1018 2427; x_wconf 88' lang='lat' dir='ltr'><strong>erit:</strong></span> <span class='ocrx_word' id='word_1_176' title='bbox 1042 2378 1082 2426; x_wconf 75' lang='lat' dir='ltr'><strong>An</strong></span> <span class='ocrx_word' id='word_1_177' title='bbox 1093 2377 1217 2442; x_wconf 66' lang='lat' dir='ltr'><strong>qumquam</strong></span> 
     </span>
     <span class='ocr_line' id='line_1_23' title="bbox 121 2442 1217 2508; baseline -0.003 -13"><span class='ocrx_word' id='word_1_178' title='bbox 121 2443 263 2508; x_wconf 69' lang='lat' dir='ltr'><strong>Parparos</strong></span> <span class='ocrx_word' id='word_1_179' title='bbox 275 2449 405 2508; x_wconf 71' lang='lat' dir='ltr'><strong>proetmeat</strong></span> <span class='ocrx_word' id='word_1_180' title='bbox 422 2448 518 2506; x_wconf 83' lang='lat' dir='ltr'><strong>temere,</strong></span> <span class='ocrx_word' id='word_1_181' title='bbox 528 2459 575 2492; x_wconf 88' lang='lat' dir='ltr'><strong>non</strong></span> <span class='ocrx_word' id='word_1_182' title='bbox 590 2446 756 2494; x_wconf 83' lang='lat' dir='ltr'><strong>remunerando</strong></span> <span class='ocrx_word' id='word_1_183' title='bbox 771 2443 854 2492; x_wconf 79' lang='lat' dir='ltr'><strong>bonnm</strong></span> <span class='ocrx_word' id='word_1_184' title='bbox 867 2442 962 2501; x_wconf 80' lang='lat' dir='ltr'><strong>sactum</strong></span> <span class='ocrx_word' id='word_1_185' title='bbox 973 2442 1137 2505; x_wconf 67' lang='lat' dir='ltr'><strong>Pannona,</strong></span> <span class='ocrx_word' id='word_1_186' title='bbox 1156 2445 1217 2506; x_wconf 71' lang='lat' dir='ltr'><strong>quoa</strong></span> 
     </span>
     <span class='ocr_line' id='line_1_24' title="bbox 116 2505 1218 2571; baseline -0.002 -13"><span class='ocrx_word' id='word_1_187' title='bbox 116 2508 166 2558; x_wconf 74' lang='lat' dir='ltr'><strong>ar&#39;bn&#39;</strong></span> <span class='ocrx_word' id='word_1_188' title='bbox 177 2505 340 2567; x_wconf 75' lang='lat' dir='ltr'><strong>utilefnen&#39;t?</strong></span> <span class='ocrx_word' id='word_1_189' title='bbox 357 2509 407 2559; x_wconf 83' lang='lat' dir='ltr'><strong>Qui</strong></span> <span class='ocrx_word' id='word_1_190' title='bbox 419 2522 507 2557; x_wconf 76' lang='lat' dir='ltr'><strong>censue</strong></span> <span class='ocrx_word' id='word_1_191' title='bbox 520 2508 610 2567; x_wconf 86' lang='lat' dir='ltr'><strong>durus,</strong></span> <span class='ocrx_word' id='word_1_192' title='bbox 619 2522 705 2571; x_wconf 86' lang='lat' dir='ltr'><strong>neque</strong></span> <span class='ocrx_word' id='word_1_193' title='bbox 717 2508 769 2555; x_wconf 89' lang='lat' dir='ltr'><strong>ocri</strong></span> <span class='ocrx_word' id='word_1_194' title='bbox 780 2507 954 2558; x_wconf 84' lang='lat' dir='ltr'><strong>Grammatico</strong></span> <span class='ocrx_word' id='word_1_195' title='bbox 961 2507 1023 2556; x_wconf 76' lang='lat' dir='ltr'><strong>catio</strong></span> <span class='ocrx_word' id='word_1_196' title='bbox 1035 2505 1135 2568; x_wconf 77' lang='lat' dir='ltr'><strong>dignun.</strong></span> <span class='ocrx_word' id='word_1_197' title='bbox 1151 2512 1218 2557; x_wconf 78' lang='lat' dir='ltr'><strong>Sunt</strong></span> 
     </span>
     <span class='ocr_line' id='line_1_25' title="bbox 117 2571 1218 2637; baseline -0.002 -15"><span class='ocrx_word' id='word_1_198' title='bbox 117 2578 148 2622; x_wconf 83' lang='lat' dir='ltr'><strong>et</strong></span> <span class='ocrx_word' id='word_1_199' title='bbox 159 2573 205 2637; x_wconf 85' lang='lat' dir='ltr'><strong>qni</strong></span> <span class='ocrx_word' id='word_1_200' title='bbox 216 2572 334 2621; x_wconf 86' lang='lat' dir='ltr'><strong>tribuunt</strong></span> <span class='ocrx_word' id='word_1_201' title='bbox 351 2573 495 2635; x_wconf 86' lang='lat' dir='ltr'><strong>Pamphilo.</strong></span> <span class='ocrx_word' id='word_1_202' title='bbox 537 2572 603 2620; x_wconf 78' lang='lat' dir='ltr'><strong>Aliis</strong></span> <span class='ocrx_word' id='word_1_203' title='bbox 619 2573 734 2620; x_wconf 81' lang='lat' dir='ltr'><strong>Parmeno</strong></span> <span class='ocrx_word' id='word_1_204' title='bbox 750 2581 790 2620; x_wconf 82' lang='lat' dir='ltr'><strong>eet</strong></span> <span class='ocrx_word' id='word_1_205' title='bbox 808 2585 883 2620; x_wconf 82' lang='lat' dir='ltr'><strong>carue</strong></span> <span class='ocrx_word' id='word_1_206' title='bbox 894 2576 989 2619; x_wconf 83' lang='lat' dir='ltr'><strong>rectus.</strong></span> <span class='ocrx_word' id='word_1_207' title='bbox 1024 2571 1113 2619; x_wconf 77' lang='lat' dir='ltr'><strong>Posuit</strong></span> <span class='ocrx_word' id='word_1_208' title='bbox 1124 2577 1218 2621; x_wconf 77' lang='lat' dir='ltr'><strong>eterne</strong></span> 
     </span>
     <span class='ocr_line' id='line_1_26' title="bbox 118 2634 1218 2699; baseline -0.003 -13"><span class='ocrx_word' id='word_1_209' title='bbox 118 2637 264 2699; x_wconf 74' lang='lat' dir='ltr'><strong>vocativus,</strong></span> <span class='ocrx_word' id='word_1_210' title='bbox 274 2645 305 2686; x_wconf 87' lang='lat' dir='ltr'><strong>nt</strong></span> <span class='ocrx_word' id='word_1_211' title='bbox 316 2637 371 2699; x_wconf 76' lang='lat' dir='ltr'><strong>ipre</strong></span> <span class='ocrx_word' id='word_1_212' title='bbox 381 2651 409 2685; x_wconf 83' lang='lat' dir='ltr'><strong>ee</strong></span> <span class='ocrx_word' id='word_1_213' title='bbox 419 2636 573 2698; x_wconf 87' lang='lat' dir='ltr'><strong>adloqnatur</strong></span> <span class='ocrx_word' id='word_1_214' title='bbox 583 2649 679 2684; x_wconf 69' lang='lat' dir='ltr'><strong>cernue.</strong></span> <span class='ocrx_word' id='word_1_215' title='bbox 713 2636 823 2686; x_wconf 82' lang='lat' dir='ltr'><strong>Quando</strong></span> <span class='ocrx_word' id='word_1_216' title='bbox 834 2634 1004 2697; x_wconf 73' lang='lat' dir='ltr'><strong>‘praetereat&#39;</strong></span> <span class='ocrx_word' id='word_1_217' title='bbox 1019 2634 1078 2693; x_wconf 86' lang='lat' dir='ltr'><strong>erit,</strong></span> <span class='ocrx_word' id='word_1_218' title='bbox 1092 2642 1218 2692; x_wconf 77' lang='lat' dir='ltr'><strong>transeat,</strong></span> 
     </span>
     <span class='ocr_line' id='line_1_27' title="bbox 119 2699 1218 2763; baseline -0.003 -12"><span class='ocrx_word' id='word_1_219' title='bbox 119 2702 236 2762; x_wconf 73' lang='lat' dir='ltr'><strong>omittat,</strong></span> <span class='ocrx_word' id='word_1_220' title='bbox 247 2701 374 2763; x_wconf 75' lang='lat' dir='ltr'><strong>negligat.</strong></span> <span class='ocrx_word' id='word_1_221' title='bbox 415 2700 536 2762; x_wconf 79' lang='lat' dir='ltr'><strong>Optimus</strong></span> <span class='ocrx_word' id='word_1_222' title='bbox 549 2714 608 2748; x_wconf 81' lang='lat' dir='ltr'><strong>vero</strong></span> <span class='ocrx_word' id='word_1_223' title='bbox 620 2714 708 2747; x_wconf 74' lang='lat' dir='ltr'><strong>censos</strong></span> <span class='ocrx_word' id='word_1_224' title='bbox 719 2699 780 2760; x_wconf 87' lang='lat' dir='ltr'><strong>crit,</strong></span> <span class='ocrx_word' id='word_1_225' title='bbox 791 2699 812 2747; x_wconf 83' lang='lat' dir='ltr'><strong>ei</strong></span> <span class='ocrx_word' id='word_1_226' title='bbox 825 2700 905 2762; x_wconf 83' lang='lat' dir='ltr'><strong>legas,</strong></span> <span class='ocrx_word' id='word_1_227' title='bbox 915 2699 1084 2747; x_wconf 80' lang='lat' dir='ltr'><strong>Parmenonem</strong></span> <span class='ocrx_word' id='word_1_228' title='bbox 1091 2714 1102 2756; x_wconf 88' lang='lat'><strong>‚·</strong></span> <span class='ocrx_word' id='word_1_229' title='bbox 1118 2699 1218 2763; x_wconf 84' lang='lat' dir='ltr'><strong>eritque</strong></span> 
     </span>
     <span class='ocr_line' id='line_1_28' title="bbox 117 2759 1219 2893; baseline -0.001 -14"><span class='ocrx_word' id='word_1_230' title='bbox 117 2759 842 2893; x_wconf 53' lang='lat' dir='ltr'><strong>tat:titillarentur.{intitulatae</strong></span> <span class='ocrx_word' id='word_1_231' title='bbox 860 2761 1219 2890; x_wconf 68' lang='lat' dir='ltr'><strong>tln⁸rtil.‘:}.tttt&#39;;</strong></span> 
     </span>
     <span class='ocr_line' id='line_1_29' title="bbox 120 2890 1219 2956; baseline -0.002 -14"><span class='ocrx_word' id='word_1_232' title='bbox 120 2906 263 2943; x_wconf 75' lang='lat' dir='ltr'><strong>conversus</strong></span> <span class='ocrx_word' id='word_1_233' title='bbox 273 2893 443 2955; x_wconf 82' lang='lat' dir='ltr'><strong>ignorantiam</strong></span> <span class='ocrx_word' id='word_1_234' title='bbox 455 2906 525 2940; x_wconf 81' lang='lat' dir='ltr'><strong>suam</strong></span> <span class='ocrx_word' id='word_1_235' title='bbox 536 2891 645 2952; x_wconf 85' lang='lat' dir='ltr'><strong>fatetur,</strong></span> <span class='ocrx_word' id='word_1_236' title='bbox 657 2890 754 2952; x_wconf 78' lang='lat' dir='ltr'><strong>dicens,</strong></span> <span class='ocrx_word' id='word_1_237' title='bbox 769 2897 776 2919; x_wconf 89' lang='lat'><em>‘</em></span> <span class='ocrx_word' id='word_1_238' title='bbox 788 2890 913 2956; x_wconf 85' lang='lat' dir='ltr'><strong>Equidem</strong></span> <span class='ocrx_word' id='word_1_239' title='bbox 931 2892 989 2954; x_wconf 82' lang='lat' dir='ltr'><strong>plna</strong></span> <span class='ocrx_word' id='word_1_240' title='bbox 1008 2891 1084 2939; x_wconf 88' lang='lat' dir='ltr'><strong>hodie</strong></span> <span class='ocrx_word' id='word_1_241' title='bbox 1097 2892 1156 2939; x_wconf 92' lang='lat' dir='ltr'><strong>boni</strong></span> <span class='ocrx_word' id='word_1_242' title='bbox 1167 2892 1219 2942; x_wconf 84' lang='lat' dir='ltr'><strong>feci</strong></span> 
     </span>
     <span class='ocr_line' id='line_1_30' title="bbox 119 2953 1217 3021; baseline -0.002 -14"><span class='ocrx_word' id='word_1_243' title='bbox 119 2957 282 3021; x_wconf 78' lang='lat' dir='ltr'><strong>imprudens,</strong></span> <span class='ocrx_word' id='word_1_244' title='bbox 293 2971 368 3020; x_wconf 88' lang='lat' dir='ltr'><strong>quam</strong></span> <span class='ocrx_word' id='word_1_245' title='bbox 377 2957 460 3005; x_wconf 80' lang='lat' dir='ltr'><strong>sciens</strong></span> <span class='ocrx_word' id='word_1_246' title='bbox 470 2964 530 3005; x_wconf 85' lang='lat' dir='ltr'><strong>ante</strong></span> <span class='ocrx_word' id='word_1_247' title='bbox 541 2956 607 3005; x_wconf 92' lang='lat' dir='ltr'><strong>hnnc</strong></span> <span class='ocrx_word' id='word_1_248' title='bbox 618 2955 687 3004; x_wconf 88' lang='lat' dir='ltr'><strong>diem</strong></span> <span class='ocrx_word' id='word_1_249' title='bbox 699 2956 837 3021; x_wconf 85' lang='lat' dir='ltr'><strong>umquam.&#39;</strong></span> <span class='ocrx_word' id='word_1_250' title='bbox 858 2955 901 3003; x_wconf 88' lang='lat' dir='ltr'><strong>lta</strong></span> <span class='ocrx_word' id='word_1_251' title='bbox 911 2961 941 3004; x_wconf 87' lang='lat' dir='ltr'><strong>et</strong></span> <span class='ocrx_word' id='word_1_252' title='bbox 951 2953 1056 3004; x_wconf 88' lang='lat' dir='ltr'><strong>Fabriui</strong></span> <span class='ocrx_word' id='word_1_253' title='bbox 1068 2956 1217 3017; x_wconf 86' lang='lat' dir='ltr'><strong>cepit,durn</strong></span> 
     </span>
     <span class='ocr_line' id='line_1_31' title="bbox 120 3018 1221 3085; baseline 0 -14"><span class='ocrx_word' id='word_1_254' title='bbox 120 3022 169 3083; x_wconf 86' lang='lat' dir='ltr'><strong>ait,</strong></span> <span class='ocrx_word' id='word_1_255' title='bbox 185 3021 335 3071; x_wconf 79' lang='lat' dir='ltr'><strong>Parmenone</strong></span> <span class='ocrx_word' id='word_1_256' title='bbox 352 3036 378 3069; x_wconf 84' lang='lat' dir='ltr'><strong>ne</strong></span> <span class='ocrx_word' id='word_1_257' title='bbox 396 3022 458 3069; x_wconf 89' lang='lat' dir='ltr'><strong>loda.</strong></span> <span class='ocrx_word' id='word_1_258' title='bbox 497 3022 627 3085; x_wconf 78' lang='lat' dir='ltr'><strong>Sequatur</strong></span> <span class='ocrx_word' id='word_1_259' title='bbox 647 3034 724 3082; x_wconf 90' lang='lat' dir='ltr'><strong>porro</strong></span> <span class='ocrx_word' id='word_1_260' title='bbox 743 3035 798 3068; x_wconf 82' lang='lat' dir='ltr'><strong>curn</strong></span> <span class='ocrx_word' id='word_1_261' title='bbox 816 3019 955 3068; x_wconf 89' lang='lat' dir='ltr'><strong>lectionem</strong></span> <span class='ocrx_word' id='word_1_262' title='bbox 974 3020 1038 3068; x_wconf 78' lang='lat' dir='ltr'><strong>Mes.</strong></span> <span class='ocrx_word' id='word_1_263' title='bbox 1054 3018 1221 3071; x_wconf 79' lang='lat' dir='ltr'><strong>Leidenniorn</strong></span> 
     </span>
     <span class='ocr_line' id='line_1_32' title="bbox 120 3082 1219 3152; baseline -0.003 -16"><span class='ocrx_word' id='word_1_264' title='bbox 120 3086 243 3152; x_wconf 81' lang='lat' dir='ltr'><strong>quinque,</strong></span> <span class='ocrx_word' id='word_1_265' title='bbox 256 3087 324 3148; x_wconf 82' lang='lat' dir='ltr'><strong>Lipr.</strong></span> <span class='ocrx_word' id='word_1_266' title='bbox 342 3086 381 3134; x_wconf 93' lang='lat' dir='ltr'><strong>M.</strong></span> <span class='ocrx_word' id='word_1_267' title='bbox 393 3086 436 3135; x_wconf 88' lang='lat' dir='ltr'><strong>Tr.</strong></span> <span class='ocrx_word' id='word_1_268' title='bbox 453 3085 529 3134; x_wconf 86' lang='lat' dir='ltr'><strong>Bodl.</strong></span> <span class='ocrx_word' id='word_1_269' title='bbox 550 3085 583 3135; x_wconf 83' lang='lat' dir='ltr'><strong>G.</strong></span> <span class='ocrx_word' id='word_1_270' title='bbox 595 3094 623 3133; x_wconf 87' lang='lat' dir='ltr'><strong>et</strong></span> <span class='ocrx_word' id='word_1_271' title='bbox 634 3083 725 3134; x_wconf 88' lang='lat' dir='ltr'><strong>Boend.</strong></span> <span class='ocrx_word' id='word_1_272' title='bbox 738 3099 797 3133; x_wconf 89' lang='lat' dir='ltr'><strong>cnm</strong></span> <span class='ocrx_word' id='word_1_273' title='bbox 808 3083 924 3133; x_wconf 78' lang='lat' dir='ltr'><strong>omnibus</strong></span> <span class='ocrx_word' id='word_1_274' title='bbox 935 3082 992 3134; x_wconf 84' lang='lat' dir='ltr'><strong>fere</strong></span> <span class='ocrx_word' id='word_1_275' title='bbox 1003 3083 1158 3133; x_wconf 73' lang='lat' dir='ltr'><strong>editionibus</strong></span> <span class='ocrx_word' id='word_1_276' title='bbox 1176 3100 1219 3133; x_wconf 86' lang='lat' dir='ltr'><strong>ro·</strong></span> 
     </span>
     <span class='ocr_line' id='line_1_33' title="bbox 122 3147 1219 3212; baseline -0.001 -12"><span class='ocrx_word' id='word_1_277' title='bbox 122 3149 271 3200; x_wconf 72' lang='lat' dir='ltr'><strong>tundnaimie</strong></span> <span class='ocrx_word' id='word_1_278' title='bbox 284 3156 312 3199; x_wconf 84' lang='lat' dir='ltr'><strong>et</strong></span> <span class='ocrx_word' id='word_1_279' title='bbox 322 3150 519 3212; x_wconf 75' lang='lat' dir='ltr'><strong>probatissimis,</strong></span> <span class='ocrx_word' id='word_1_280' title='bbox 529 3149 578 3198; x_wconf 84' lang='lat' dir='ltr'><strong>nisi</strong></span> <span class='ocrx_word' id='word_1_281' title='bbox 595 3149 663 3212; x_wconf 83' lang='lat' dir='ltr'><strong>quod</strong></span> <span class='ocrx_word' id='word_1_282' title='bbox 674 3149 700 3198; x_wconf 88' lang='lat' dir='ltr'><strong>in</strong></span> <span class='ocrx_word' id='word_1_283' title='bbox 713 3149 770 3198; x_wconf 86' lang='grc' dir='ltr'><strong>ΕΡ.</strong></span> <span class='ocrx_word' id='word_1_284' title='bbox 788 3165 831 3212; x_wconf 81' lang='lat' dir='ltr'><strong>quo</strong></span> <span class='ocrx_word' id='word_1_285' title='bbox 843 3148 912 3208; x_wconf 84' lang='lat' dir='ltr'><strong>sacto</strong></span> <span class='ocrx_word' id='word_1_286' title='bbox 928 3149 1040 3197; x_wconf 74' lang='lat' dir='ltr'><strong>meent.</strong></span> <span class='ocrx_word' id='word_1_287' title='bbox 1066 3147 1146 3199; x_wconf 82' lang='lat' dir='ltr'><strong>Weat.</strong></span> <span class='ocrx_word' id='word_1_288' title='bbox 1186 3149 1219 3199; x_wconf 87' lang='lat' dir='ltr'><strong>ln</strong></span> 
     </span>
     <span class='ocr_line' id='line_1_34' title="bbox 120 3212 1220 3278; baseline -0.002 -12"><span class='ocrx_word' id='word_1_289' title='bbox 120 3216 198 3266; x_wconf 78' lang='lat' dir='ltr'><strong>Bam.</strong></span> <span class='ocrx_word' id='word_1_290' title='bbox 214 3228 301 3263; x_wconf 78' lang='lat' dir='ltr'><strong>vernus</strong></span> <span class='ocrx_word' id='word_1_291' title='bbox 316 3215 358 3263; x_wconf 80' lang='lat' dir='ltr'><strong>liic</strong></span> <span class='ocrx_word' id='word_1_292' title='bbox 370 3228 486 3276; x_wconf 78' lang='lat' dir='ltr'><strong>perronae</strong></span> <span class='ocrx_word' id='word_1_293' title='bbox 499 3214 629 3278; x_wconf 83' lang='lat' dir='ltr'><strong>Pamphili</strong></span> <span class='ocrx_word' id='word_1_294' title='bbox 641 3213 808 3275; x_wconf 81' lang='lat' dir='ltr'><strong>attribuitur3</strong></span> <span class='ocrx_word' id='word_1_295' title='bbox 832 3212 876 3261; x_wconf 91' lang='lat' dir='ltr'><strong>obi</strong></span> <span class='ocrx_word' id='word_1_296' title='bbox 888 3213 965 3262; x_wconf 89' lang='lat' dir='ltr'><strong>etiam</strong></span> <span class='ocrx_word' id='word_1_297' title='bbox 978 3227 1027 3262; x_wconf 90' lang='lat' dir='ltr'><strong>uon</strong></span> <span class='ocrx_word' id='word_1_298' title='bbox 1039 3213 1220 3278; x_wconf 81' lang='lat' dir='ltr'><strong>Parmenonem,</strong></span> 
     </span>
     <span class='ocr_line' id='line_1_35' title="bbox 121 3277 1220 3343; baseline 0.003 -16"><span class='ocrx_word' id='word_1_299' title='bbox 121 3278 169 3328; x_wconf 81' lang='lat' dir='ltr'><strong>aed</strong></span> <span class='ocrx_word' id='word_1_300' title='bbox 181 3279 299 3328; x_wconf 83' lang='lat' dir='ltr'><strong>Parmeno</strong></span> <span class='ocrx_word' id='word_1_301' title='bbox 319 3277 432 3340; x_wconf 80' lang='lat' dir='ltr'><strong>legitur:</strong></span> <span class='ocrx_word' id='word_1_302' title='bbox 457 3280 494 3328; x_wconf 90' lang='lat' dir='ltr'><strong>ita</strong></span> <span class='ocrx_word' id='word_1_303' title='bbox 512 3280 628 3328; x_wconf 82' lang='lat' dir='ltr'><strong>Parmeno</strong></span> <span class='ocrx_word' id='word_1_304' title='bbox 648 3280 698 3328; x_wconf 89' lang='lat' dir='ltr'><strong>erit</strong></span> <span class='ocrx_word' id='word_1_305' title='bbox 718 3278 905 3327; x_wconf 73' lang='lat' dir='ltr'><strong>nominativus:</strong></span> <span class='ocrx_word' id='word_1_306' title='bbox 920 3282 1056 3342; x_wconf 17' lang='lat' dir='ltr'><strong>*prelmeat</strong></span> <span class='ocrx_word' id='word_1_307' title='bbox 1067 3286 1152 3329; x_wconf 88' lang='lat' dir='ltr'><strong>antem</strong></span> <span class='ocrx_word' id='word_1_308' title='bbox 1171 3294 1220 3343; x_wconf 91' lang='lat' dir='ltr'><strong>pro</strong></span> 
     </span>
     <span class='ocr_line' id='line_1_36' title="bbox 122 3342 1221 3406; baseline 0.002 -14"><span class='ocrx_word' id='word_1_309' title='bbox 122 3349 251 3404; x_wconf 71' lang='lat' dir='ltr'><strong>transeat,</strong></span> <span class='ocrx_word' id='word_1_310' title='bbox 263 3343 429 3404; x_wconf 69' lang='lat' dir='ltr'><strong>velaminum,</strong></span> <span class='ocrx_word' id='word_1_311' title='bbox 445 3351 606 3405; x_wconf 85' lang='lat' dir='ltr'><strong>exponetnr;</strong></span> <span class='ocrx_word' id='word_1_312' title='bbox 630 3345 710 3393; x_wconf 82' lang='lat' dir='ltr'><strong>nteit</strong></span> <span class='ocrx_word' id='word_1_313' title='bbox 728 3358 827 3406; x_wconf 76' lang='lat' dir='ltr'><strong>aeneos,</strong></span> <span class='ocrx_word' id='word_1_314' title='bbox 839 3357 871 3392; x_wconf 89' lang='lat' dir='ltr'><strong>an</strong></span> <span class='ocrx_word' id='word_1_315' title='bbox 890 3342 1025 3406; x_wconf 85' lang='lat' dir='ltr'><strong>quicquam</strong></span> <span class='ocrx_word' id='word_1_316' title='bbox 1044 3344 1171 3393; x_wconf 85' lang='lat' dir='ltr'><strong>Parmeno</strong></span> <span class='ocrx_word' id='word_1_317' title='bbox 1182 3351 1221 3394; x_wconf 86' lang='lat' dir='ltr'><strong>te·</strong></span> 
     </span>
     <span class='ocr_line' id='line_1_37' title="bbox 120 3407 1219 3471; baseline 0 -14"><span class='ocrx_word' id='word_1_318' title='bbox 120 3421 195 3457; x_wconf 82' lang='lat' dir='ltr'><strong>mere</strong></span> <span class='ocrx_word' id='word_1_319' title='bbox 206 3410 320 3465; x_wconf 87' lang='lat' dir='ltr'><strong>omittat,</strong></span> <span class='ocrx_word' id='word_1_320' title='bbox 330 3407 398 3471; x_wconf 83' lang='lat' dir='ltr'><strong>quod</strong></span> <span class='ocrx_word' id='word_1_321' title='bbox 411 3407 475 3455; x_wconf 87' lang='lat' dir='ltr'><strong>utile</strong></span> <span class='ocrx_word' id='word_1_322' title='bbox 486 3407 557 3456; x_wconf 81' lang='lat' dir='ltr'><strong>factu</strong></span> <span class='ocrx_word' id='word_1_323' title='bbox 569 3409 620 3457; x_wconf 83' lang='lat' dir='ltr'><strong>eit:</strong></span> <span class='ocrx_word' id='word_1_324' title='bbox 639 3414 666 3457; x_wconf 87' lang='lat' dir='ltr'><strong>et</strong></span> <span class='ocrx_word' id='word_1_325' title='bbox 677 3423 765 3457; x_wconf 83' lang='lat' dir='ltr'><strong>versun</strong></span> <span class='ocrx_word' id='word_1_326' title='bbox 774 3416 815 3458; x_wconf 82' lang='lat' dir='ltr'><strong>est</strong></span> <span class='ocrx_word' id='word_1_327' title='bbox 829 3408 976 3457; x_wconf 82' lang='lat' dir='ltr'><strong>octonarius</strong></span> <span class='ocrx_word' id='word_1_328' title='bbox 987 3407 1126 3465; x_wconf 83' lang='lat' dir='ltr'><strong>lambiens,</strong></span> <span class='ocrx_word' id='word_1_329' title='bbox 1137 3416 1166 3457; x_wconf 77' lang='lat' dir='ltr'><strong>ut</strong></span> <span class='ocrx_word' id='word_1_330' title='bbox 1177 3423 1219 3458; x_wconf 86' lang='lat' dir='ltr'><strong>ce-</strong></span> 
     </span>
     <span class='ocr_line' id='line_1_38' title="bbox 121 3471 1220 3534; baseline -0.001 -13"><span class='ocrx_word' id='word_1_331' title='bbox 121 3471 189 3522; x_wconf 89' lang='lat' dir='ltr'><strong>teri:</strong></span> <span class='ocrx_word' id='word_1_332' title='bbox 208 3471 435 3534; x_wconf 78' lang='lat' dir='ltr'><strong>cliterimpeditus</strong></span> <span class='ocrx_word' id='word_1_333' title='bbox 447 3476 495 3519; x_wconf 83' lang='lat' dir='ltr'><strong>ent.</strong></span> <span class='ocrx_word' id='word_1_334' title='bbox 512 3471 557 3519; x_wconf 88' lang='lat' dir='ltr'><strong>Fa.</strong></span> <span class='ocrx_word' id='word_1_335' title='bbox 590 3472 680 3520; x_wconf 71' lang='lat' dir='ltr'><strong>Nostri</strong></span> <span class='ocrx_word' id='word_1_336' title='bbox 693 3472 807 3520; x_wconf 79' lang='lat' dir='ltr'><strong>universi</strong></span> <span class='ocrx_word' id='word_1_337' title='bbox 818 3473 997 3521; x_wconf 87' lang='lat' dir='ltr'><strong>Parmenonem.</strong></span> <span class='ocrx_word' id='word_1_338' title='bbox 1031 3473 1152 3523; x_wconf 84' lang='lat' dir='ltr'><strong>Ceterum</strong></span> <span class='ocrx_word' id='word_1_339' title='bbox 1171 3472 1220 3520; x_wconf 87' lang='lat' dir='ltr'><strong>hoc</strong></span> 
     </span>
     <span class='ocr_line' id='line_1_39' title="bbox 120 3534 1218 3599; baseline -0.003 -12"><span class='ocrx_word' id='word_1_340' title='bbox 120 3551 172 3587; x_wconf 87' lang='lat' dir='ltr'><strong>uec</strong></span> <span class='ocrx_word' id='word_1_341' title='bbox 185 3537 343 3586; x_wconf 85' lang='lat' dir='ltr'><strong>Parmenoui</strong></span> <span class='ocrx_word' id='word_1_342' title='bbox 358 3551 407 3587; x_wconf 87' lang='lat' dir='ltr'><strong>nec</strong></span> <span class='ocrx_word' id='word_1_343' title='bbox 424 3534 560 3598; x_wconf 83' lang='lat' dir='ltr'><strong>Pamphilo</strong></span> <span class='ocrx_word' id='word_1_344' title='bbox 577 3535 743 3583; x_wconf 89' lang='lat' dir='ltr'><strong>tribuendum</strong></span> <span class='ocrx_word' id='word_1_345' title='bbox 762 3540 812 3595; x_wconf 81' lang='lat' dir='ltr'><strong>eat,</strong></span> <span class='ocrx_word' id='word_1_346' title='bbox 824 3536 870 3583; x_wconf 79' lang='lat' dir='ltr'><strong>aed</strong></span> <span class='ocrx_word' id='word_1_347' title='bbox 882 3535 1014 3582; x_wconf 81' lang='lat' dir='ltr'><strong>Bacchidi.</strong></span> <span class='ocrx_word' id='word_1_348' title='bbox 1047 3536 1089 3583; x_wconf 90' lang='lat' dir='ltr'><strong>lili</strong></span> <span class='ocrx_word' id='word_1_349' title='bbox 1107 3548 1218 3599; x_wconf 87' lang='lat' dir='ltr'><strong>quoquc,</strong></span> 
     </span>
     <span class='ocr_line' id='line_1_40' title="bbox 122 3596 1222 3660; baseline -0.003 -9"><span class='ocrx_word' id='word_1_350' title='bbox 122 3601 226 3651; x_wconf 80' lang='lat' dir='ltr'><strong>laetanti</strong></span> <span class='ocrx_word' id='word_1_351' title='bbox 237 3606 265 3650; x_wconf 86' lang='lat' dir='ltr'><strong>et</strong></span> <span class='ocrx_word' id='word_1_352' title='bbox 276 3603 464 3651; x_wconf 87' lang='lat' dir='ltr'><strong>Parmenonem</strong></span> <span class='ocrx_word' id='word_1_353' title='bbox 476 3597 579 3658; x_wconf 82' lang='lat' dir='ltr'><strong>ridenti,</strong></span> <span class='ocrx_word' id='word_1_354' title='bbox 592 3613 650 3660; x_wconf 81' lang='lat' dir='ltr'><strong>pars</strong></span> <span class='ocrx_word' id='word_1_355' title='bbox 662 3614 708 3646; x_wconf 83' lang='lat' dir='ltr'><strong>sua</strong></span> <span class='ocrx_word' id='word_1_356' title='bbox 719 3604 759 3646; x_wconf 81' lang='lat' dir='ltr'><strong>eat</strong></span> <span class='ocrx_word' id='word_1_357' title='bbox 769 3599 795 3646; x_wconf 90' lang='lat' dir='ltr'><strong>in</strong></span> <span class='ocrx_word' id='word_1_358' title='bbox 807 3598 845 3646; x_wconf 78' lang='lat' dir='ltr'><strong>hie</strong></span> <span class='ocrx_word' id='word_1_359' title='bbox 856 3596 966 3646; x_wconf 82' lang='lat' dir='ltr'><strong>facetiis.</strong></span> <span class='ocrx_word' id='word_1_360' title='bbox 1005 3599 1040 3646; x_wconf 87' lang='lat' dir='ltr'><strong>Et</strong></span> <span class='ocrx_word' id='word_1_361' title='bbox 1050 3599 1088 3648; x_wconf 85' lang='lat' dir='ltr'><strong>sic</strong></span> <span class='ocrx_word' id='word_1_362' title='bbox 1099 3599 1158 3646; x_wconf 90' lang='lat' dir='ltr'><strong>olim</strong></span> <span class='ocrx_word' id='word_1_363' title='bbox 1170 3599 1222 3648; x_wconf 90' lang='lat' dir='ltr'><strong>Do·</strong></span> 
     </span>
     <span class='ocr_line' id='line_1_41' title="bbox 121 3660 1220 3728; baseline 0 -14"><span class='ocrx_word' id='word_1_364' title='bbox 121 3674 217 3715; x_wconf 80' lang='lat' dir='ltr'><strong>natus:</strong></span> <span class='ocrx_word' id='word_1_365' title='bbox 245 3667 370 3726; x_wconf 80' lang='lat' dir='ltr'><strong>Convenit,</strong></span> <span class='ocrx_word' id='word_1_366' title='bbox 384 3665 479 3728; x_wconf 83' lang='lat' dir='ltr'><strong>inquit,</strong></span> <span class='ocrx_word' id='word_1_367' title='bbox 495 3665 538 3712; x_wconf 82' lang='lat' dir='ltr'><strong>hoc</strong></span> <span class='ocrx_word' id='word_1_368' title='bbox 556 3662 645 3711; x_wconf 83' lang='lat' dir='ltr'><strong>dietam</strong></span> <span class='ocrx_word' id='word_1_369' title='bbox 655 3663 774 3712; x_wconf 81' lang='lat' dir='ltr'><strong>meretrici</strong></span> <span class='ocrx_word' id='word_1_370' title='bbox 791 3660 894 3710; x_wconf 80' lang='lat' dir='ltr'><strong>abeunti.</strong></span> <span class='ocrx_word' id='word_1_371' title='bbox 912 3662 990 3709; x_wconf 91' lang='lat' dir='ltr'><strong>Bent.</strong></span> <span class='ocrx_word' id='word_1_372' title='bbox 1006 3676 1082 3725; x_wconf 88' lang='lat' dir='ltr'><strong>quern</strong></span> <span class='ocrx_word' id='word_1_373' title='bbox 1094 3661 1181 3711; x_wconf 86' lang='lat' dir='ltr'><strong>iaudat</strong></span> <span class='ocrx_word' id='word_1_374' title='bbox 1192 3670 1220 3715; x_wconf 87' lang='lat' dir='ltr'><strong>et</strong></span> 
     </span>
     <span class='ocr_line' id='line_1_42' title="bbox 121 3725 1221 3794; baseline -0.001 -15"><span class='ocrx_word' id='word_1_375' title='bbox 121 3731 243 3794; x_wconf 80' lang='lat' dir='ltr'><strong>requitur</strong></span> <span class='ocrx_word' id='word_1_376' title='bbox 254 3729 314 3792; x_wconf 83' lang='lat' dir='ltr'><strong>Bip.</strong></span> <span class='ocrx_word' id='word_1_377' title='bbox 324 3745 339 3778; x_wconf 88' lang='lat' dir='ltr'><strong>a</strong></span> <span class='ocrx_word' id='word_1_378' title='bbox 350 3743 400 3793; x_wconf 89' lang='lat' dir='ltr'><strong>quo</strong></span> <span class='ocrx_word' id='word_1_379' title='bbox 411 3730 506 3791; x_wconf 79' lang='lat' dir='ltr'><strong>legitor</strong></span> <span class='ocrx_word' id='word_1_380' title='bbox 516 3743 548 3777; x_wconf 90' lang='lat' dir='ltr'><strong>an</strong></span> <span class='ocrx_word' id='word_1_381' title='bbox 561 3728 670 3776; x_wconf 79' lang='lat' dir='ltr'><strong>Temere:</strong></span> <span class='ocrx_word' id='word_1_382' title='bbox 694 3735 721 3775; x_wconf 85' lang='lat' dir='ltr'><strong>et</strong></span> <span class='ocrx_word' id='word_1_383' title='bbox 732 3728 768 3777; x_wconf 79' lang='lat' dir='ltr'><strong>nic</strong></span> <span class='ocrx_word' id='word_1_384' title='bbox 780 3725 857 3776; x_wconf 85' lang='lat' dir='ltr'><strong>Both.</strong></span> <span class='ocrx_word' id='word_1_385' title='bbox 876 3726 920 3789; x_wconf 88' lang='lat' dir='ltr'><strong>qui</strong></span> <span class='ocrx_word' id='word_1_386' title='bbox 936 3740 995 3774; x_wconf 82' lang='lat' dir='ltr'><strong>mox</strong></span> <span class='ocrx_word' id='word_1_387' title='bbox 1007 3727 1077 3776; x_wconf 88' lang='lat' dir='ltr'><strong>delet</strong></span> <span class='ocrx_word' id='word_1_388' title='bbox 1091 3727 1175 3786; x_wconf 75' lang='lat' dir='ltr'><strong>sacto.-</strong></span> <span class='ocrx_word' id='word_1_389' title='bbox 1192 3734 1221 3778; x_wconf 82' lang='lat' dir='ltr'><strong>et</strong></span> 
     </span>
     <span class='ocr_line' id='line_1_43' title="bbox 121 3791 1221 3856; baseline -0.002 -12"><span class='ocrx_word' id='word_1_390' title='bbox 121 3796 165 3844; x_wconf 89' lang='lat' dir='ltr'><strong>cui</strong></span> <span class='ocrx_word' id='word_1_391' title='bbox 177 3794 283 3844; x_wconf 82' lang='lat' dir='ltr'><strong>ridetur</strong></span> <span class='ocrx_word' id='word_1_392' title='bbox 296 3795 413 3843; x_wconf 84' lang='lat' dir='ltr'><strong>Donatus</strong></span> <span class='ocrx_word' id='word_1_393' title='bbox 427 3793 555 3856; x_wconf 79' lang='lat' dir='ltr'><strong>reperiare</strong></span> <span class='ocrx_word' id='word_1_394' title='bbox 567 3793 592 3840; x_wconf 91' lang='lat' dir='ltr'><strong>io</strong></span> <span class='ocrx_word' id='word_1_395' title='bbox 613 3792 664 3839; x_wconf 76' lang='lat' dir='ltr'><strong>arria</strong></span> <span class='ocrx_word' id='word_1_396' title='bbox 681 3792 752 3840; x_wconf 84' lang='lat' dir='ltr'><strong>libris</strong></span> <span class='ocrx_word' id='word_1_397' title='bbox 769 3791 908 3855; x_wconf 82' lang='lat' dir='ltr'><strong>Pamphilae</strong></span> <span class='ocrx_word' id='word_1_398' title='bbox 924 3795 1059 3854; x_wconf 78' lang='lat' dir='ltr'><strong>praetereat.</strong></span> <span class='ocrx_word' id='word_1_399' title='bbox 1092 3792 1221 3854; x_wconf 82' lang='lat' dir='ltr'><strong>‘Duplex</strong></span> 
     </span>
     <span class='ocr_line' id='line_1_44' title="bbox 120 3855 1222 3923; baseline -0.001 -15"><span class='ocrx_word' id='word_1_400' title='bbox 120 3859 199 3923; x_wconf 78' lang='lat' dir='ltr'><strong>hujus</strong></span> <span class='ocrx_word' id='word_1_401' title='bbox 211 3858 262 3907; x_wconf 87' lang='lat' dir='ltr'><strong>loci</strong></span> <span class='ocrx_word' id='word_1_402' title='bbox 274 3858 402 3920; x_wconf 82' lang='lat' dir='ltr'><strong>scriptura</strong></span> <span class='ocrx_word' id='word_1_403' title='bbox 414 3865 463 3913; x_wconf 83' lang='lat' dir='ltr'><strong>est,</strong></span> <span class='ocrx_word' id='word_1_404' title='bbox 481 3857 547 3904; x_wconf 89' lang='lat' dir='ltr'><strong>uude</strong></span> <span class='ocrx_word' id='word_1_405' title='bbox 559 3856 655 3918; x_wconf 86' lang='lat' dir='ltr'><strong>duplex</strong></span> <span class='ocrx_word' id='word_1_406' title='bbox 671 3855 749 3904; x_wconf 85' lang='lat' dir='ltr'><strong>etiam</strong></span> <span class='ocrx_word' id='word_1_407' title='bbox 766 3870 855 3904; x_wconf 79' lang='lat' dir='ltr'><strong>seusun</strong></span> <span class='ocrx_word' id='word_1_408' title='bbox 872 3855 996 3904; x_wconf 79' lang='lat' dir='ltr'><strong>annuitur.</strong></span> <span class='ocrx_word' id='word_1_409' title='bbox 1028 3855 1054 3903; x_wconf 88' lang='lat' dir='ltr'><strong>Si</strong></span> <span class='ocrx_word' id='word_1_410' title='bbox 1073 3856 1174 3917; x_wconf 77' lang='lat' dir='ltr'><strong>legatur</strong></span> <span class='ocrx_word' id='word_1_411' title='bbox 1190 3873 1222 3908; x_wconf 88' lang='lat' dir='ltr'><strong>an</strong></span> 
     </span>
     <span class='ocr_line' id='line_1_45' title="bbox 122 3919 1221 3986; baseline -0.001 -15"><span class='ocrx_word' id='word_1_412' title='bbox 122 3928 213 3974; x_wconf 78' lang='lat' dir='ltr'><strong>temere</strong></span> <span class='ocrx_word' id='word_1_413' title='bbox 223 3923 345 3986; x_wconf 77' lang='lat' dir='ltr'><strong>quicquam</strong></span> <span class='ocrx_word' id='word_1_414' title='bbox 356 3922 526 3971; x_wconf 87' lang='lat' dir='ltr'><strong>Parmenonem</strong></span> <span class='ocrx_word' id='word_1_415' title='bbox 535 3925 670 3984; x_wconf 73' lang='lat' dir='ltr'><strong>praetereat,</strong></span> <span class='ocrx_word' id='word_1_416' title='bbox 681 3933 770 3969; x_wconf 75' lang='lat' dir='ltr'><strong>sensns</strong></span> <span class='ocrx_word' id='word_1_417' title='bbox 781 3927 838 3968; x_wconf 81' lang='lat' dir='ltr'><strong>eet:</strong></span> <span class='ocrx_word' id='word_1_418' title='bbox 857 3933 888 3967; x_wconf 87' lang='lat' dir='ltr'><strong>an</strong></span> <span class='ocrx_word' id='word_1_419' title='bbox 900 3919 1029 3968; x_wconf 80' lang='lat' dir='ltr'><strong>Parmeno</strong></span> <span class='ocrx_word' id='word_1_420' title='bbox 1041 3920 1136 3983; x_wconf 87' lang='lat' dir='ltr'><strong>aliquid</strong></span> <span class='ocrx_word' id='word_1_421' title='bbox 1149 3921 1221 3983; x_wconf 82' lang='lat' dir='ltr'><strong>igno·</strong></span> 
     </span>
     <span class='ocr_line' id='line_1_46' title="bbox 124 3984 1220 4051; baseline 0 -15"><span class='ocrx_word' id='word_1_422' title='bbox 124 3995 177 4049; x_wconf 84' lang='lat' dir='ltr'><strong>ret,</strong></span> <span class='ocrx_word' id='word_1_423' title='bbox 190 4002 224 4036; x_wconf 90' lang='lat' dir='ltr'><strong>ao</strong></span> <span class='ocrx_word' id='word_1_424' title='bbox 230 3987 392 4051; x_wconf 74' lang='lat' dir='ltr'><strong>Parmenoni</strong></span> <span class='ocrx_word' id='word_1_425' title='bbox 404 3985 500 4050; x_wconf 89' lang='lat' dir='ltr'><strong>aliquid</strong></span> <span class='ocrx_word' id='word_1_426' title='bbox 511 3987 640 4035; x_wconf 85' lang='lat' dir='ltr'><strong>occrrltum</strong></span> <span class='ocrx_word' id='word_1_427' title='bbox 650 3984 692 4032; x_wconf 79' lang='lat' dir='ltr'><strong>sit.</strong></span> <span class='ocrx_word' id='word_1_428' title='bbox 724 3984 770 4032; x_wconf 86' lang='lat' dir='ltr'><strong>Sin</strong></span> <span class='ocrx_word' id='word_1_429' title='bbox 781 3984 884 4046; x_wconf 82' lang='lat' dir='ltr'><strong>legatur</strong></span> <span class='ocrx_word' id='word_1_430' title='bbox 893 3998 925 4032; x_wconf 91' lang='lat' dir='ltr'><strong>an</strong></span> <span class='ocrx_word' id='word_1_431' title='bbox 934 3984 1148 4047; x_wconf 79' lang='lat' dir='ltr'><strong>temerequioqaam</strong></span> <span class='ocrx_word' id='word_1_432' title='bbox 1157 3987 1220 4036; x_wconf 89' lang='lat' dir='ltr'><strong>Par·</strong></span> 
     </span>
     <span class='ocr_line' id='line_1_47' title="bbox 122 4047 1221 4114; baseline -0.002 -13"><span class='ocrx_word' id='word_1_433' title='bbox 122 4067 192 4107; x_wconf 85' lang='lat' dir='ltr'><strong>meno</strong></span> <span class='ocrx_word' id='word_1_434' title='bbox 202 4055 435 4114; x_wconf 79' lang='lat' dir='ltr'><strong>pretereot‚aeneun</strong></span> <span class='ocrx_word' id='word_1_435' title='bbox 444 4055 493 4109; x_wconf 81' lang='lat' dir='ltr'><strong>ent,</strong></span> <span class='ocrx_word' id='word_1_436' title='bbox 505 4064 537 4098; x_wconf 87' lang='lat' dir='ltr'><strong>au</strong></span> <span class='ocrx_word' id='word_1_437' title='bbox 549 4051 676 4100; x_wconf 86' lang='lat' dir='ltr'><strong>Parmeno</strong></span> <span class='ocrx_word' id='word_1_438' title='bbox 691 4047 828 4112; x_wconf 88' lang='lat' dir='ltr'><strong>quicquam</strong></span> <span class='ocrx_word' id='word_1_439' title='bbox 846 4048 949 4096; x_wconf 87' lang='lat' dir='ltr'><strong>omittat</strong></span> <span class='ocrx_word' id='word_1_440' title='bbox 965 4049 1033 4111; x_wconf 86' lang='lat' dir='ltr'><strong>quod</strong></span> <span class='ocrx_word' id='word_1_441' title='bbox 1053 4049 1115 4097; x_wconf 86' lang='lat' dir='ltr'><strong>utile</strong></span> <span class='ocrx_word' id='word_1_442' title='bbox 1125 4049 1221 4099; x_wconf 83' lang='lat' dir='ltr'><strong>fertum</strong></span> 
     </span>
     <span class='ocr_line' id='line_1_48' title="bbox 124 4112 1221 4180; baseline -0.003 -13"><span class='ocrx_word' id='word_1_443' title='bbox 124 4117 169 4167; x_wconf 84' lang='lat' dir='ltr'><strong>ait.</strong></span> <span class='ocrx_word' id='word_1_444' title='bbox 205 4115 256 4166; x_wconf 85' lang='lat' dir='ltr'><strong>Sed</strong></span> <span class='ocrx_word' id='word_1_445' title='bbox 269 4128 424 4180; x_wconf 80' lang='lat' dir='ltr'><strong>quocunque</strong></span> <span class='ocrx_word' id='word_1_446' title='bbox 436 4113 512 4162; x_wconf 90' lang='lat' dir='ltr'><strong>modo</strong></span> <span class='ocrx_word' id='word_1_447' title='bbox 520 4115 631 4178; x_wconf 80' lang='lat' dir='ltr'><strong>legator,</strong></span> <span class='ocrx_word' id='word_1_448' title='bbox 640 4114 682 4162; x_wconf 87' lang='lat' dir='ltr'><strong>hic</strong></span> <span class='ocrx_word' id='word_1_449' title='bbox 693 4126 782 4161; x_wconf 83' lang='lat' dir='ltr'><strong>verene</strong></span> <span class='ocrx_word' id='word_1_450' title='bbox 799 4126 848 4160; x_wconf 85' lang='lat' dir='ltr'><strong>noo</strong></span> <span class='ocrx_word' id='word_1_451' title='bbox 860 4112 1013 4160; x_wconf 84' lang='lat' dir='ltr'><strong>Parmenoni</strong></span> <span class='ocrx_word' id='word_1_452' title='bbox 1026 4126 1073 4162; x_wconf 89' lang='lat' dir='ltr'><strong>nec</strong></span> <span class='ocrx_word' id='word_1_453' title='bbox 1085 4114 1221 4176; x_wconf 88' lang='lat' dir='ltr'><strong>Pamphilo</strong></span> 
     </span>
     <span class='ocr_line' id='line_1_49' title="bbox 124 4175 1222 4244; baseline -0.004 -13"><span class='ocrx_word' id='word_1_454' title='bbox 124 4180 283 4233; x_wconf 77' lang='lat' dir='ltr'><strong>tribuendus</strong></span> <span class='ocrx_word' id='word_1_455' title='bbox 291 4188 341 4244; x_wconf 79' lang='lat' dir='ltr'><strong>eat,</strong></span> <span class='ocrx_word' id='word_1_456' title='bbox 350 4179 396 4230; x_wconf 82' lang='lat' dir='ltr'><strong>red</strong></span> <span class='ocrx_word' id='word_1_457' title='bbox 404 4177 537 4236; x_wconf 83' lang='lat' dir='ltr'><strong>Bacchidi,</strong></span> <span class='ocrx_word' id='word_1_458' title='bbox 546 4193 603 4244; x_wconf 82' lang='lat' dir='ltr'><strong>quae</strong></span> <span class='ocrx_word' id='word_1_459' title='bbox 615 4187 642 4229; x_wconf 84' lang='lat' dir='ltr'><strong>et</strong></span> <span class='ocrx_word' id='word_1_460' title='bbox 650 4178 707 4242; x_wconf 81' lang='lat' dir='ltr'><strong>ipra</strong></span> <span class='ocrx_word' id='word_1_461' title='bbox 715 4177 900 4226; x_wconf 86' lang='lat' dir='ltr'><strong>Parmenonem</strong></span> <span class='ocrx_word' id='word_1_462' title='bbox 911 4175 987 4226; x_wconf 82' lang='lat' dir='ltr'><strong>ridet.</strong></span> <span class='ocrx_word' id='word_1_463' title='bbox 998 4192 1022 4227; x_wconf 85' lang='lat' dir='ltr'><strong>r.</strong></span> <span class='ocrx_word' id='word_1_464' title='bbox 1030 4179 1108 4230; x_wconf 83' lang='lat' dir='ltr'><strong>Beat.</strong></span> <span class='ocrx_word' id='word_1_465' title='bbox 1117 4178 1150 4228; x_wconf 82' lang='lat' dir='ltr'><strong>ad</strong></span> <span class='ocrx_word' id='word_1_466' title='bbox 1158 4180 1184 4228; x_wconf 83' lang='lat' dir='ltr'><strong>ir.</strong></span> <span class='ocrx_word' id='word_1_467' title='bbox 1193 4177 1222 4228; x_wconf 82' lang='lat' dir='ltr'><strong>l.’</strong></span> 
     </span>
    </p>
   </div>
   <div class='ocr_carea' id='block_1_7' title="bbox 0 0 1358 4694">
    <p class='ocr_par' dir='ltr' id='par_1_12' title="bbox 0 0 1358 4694">
     <span class='ocr_line' id='line_1_50' title="bbox 0 0 1358 4694; baseline 0 0"><span class='ocrx_word' id='word_1_468' title='bbox 0 0 1358 4694; x_wconf 95' lang='lat' dir='ltr'><strong> </strong></span> 
     </span>
    </p>
   </div>
  </div>
 </body>
</html>
