2678 4694
534 312 787 364 sacunnrrrs.
1144 299 1227 370 913,

110 455 232 524 dicitur,
253 471 312 516 non
325 451 467 532 producte
479 455 537 515 dard
551 467 600 515 τοῦ
612 461 813 533 πρωτολογιῖν.
854 454 931 516 Nam
945 457 1073 519 offitium
1087 457 1207 542 Prologi

111 562 183 613 ante
199 549 365 631 actionem,¹
388 548 508 628 quidem
518 550 560 610 rei
574 571 689 634 semper
699 563 760 612 est:
783 563 983 614 verumtamen
1000 566 1031 615 et
1043 565 1113 634 post
1125 557 1209 637 prin-

109 649 223 728 cipium
237 645 356 705 Fabulae
376 645 535 719 inducitur,
554 657 588 707 nt
610 647 689 728 apud
707 649 845 710 Plautum
859 650 889 710 in
901 650 998 714 Milite
1013 651 1161 729 Glorioso,
1176 665 1207 716 et

108 743 194 824 apud
208 753 323 804 ceteros
337 762 453 824 magnae
468 743 650 806 auctoritatis
660 748 772 806 veteres
786 745 917 823 Poetae„

152 903 162 934 ¹
178 903 232 955 Ma.
243 907 298 952 asse
308 907 400 952 παπαὶ.
416 901 492 958 Liud.

216 1257 304 1306 AEnlt
332 1256 472 1304 nonant
495 1257 767 1306 ARGUMEN'I'UM
793 1258 833 1307 ΙΝ
858 1259 1124 1308 PHORMIONEM.

108 1411 178 1463 curas
199 1411 332 1474 Chremes,
353 1412 522 1476 Demiphoais
542 1411 633 1476 frater,
653 1413 734 1464 ascito
751 1413 800 1463 sihi
821 1415 854 1464 ad
874 1413 1004 1464 fallaciam
1025 1415 1137 1478 nomiae,
1158 1429 1210 1479 qno

143 1491 309 1562 Stilphonem
328 1506 355 1542 se
367 1492 418 1542 dici
429 1492 539 1555 lecerat,
553 1493 616 1544 duas
628 1495 719 1545 eodem
737 1502 854 1558 tempore
870 1495 1003 1545 habuisset
1015 1509 1118 1555 uxores,
1131 1495 1211 1544 Athe·

143 1573 186 1622 nis
207 1571 327 1636 divitem,
344 1588 484 1637 pauperem
503 1574 609 1636 Lemni,
626 1590 658 1624 ex
678 1575 760 1625 divite
776 1574 881 1626 sustulit
900 1575 989 1632 tilium,
1005 1575 1049 1639 qui
1066 1574 1152 1624 dictus
1169 1584 1211 1626 est

143 1652 268 1704 Phaedria
279 1668 287 1713 ;
303 1667 336 1702 es
348 1668 461 1717 paupere
475 1652 566 1704 furtim
579 1655 694 1719 suscepit
706 1662 784 1721 atque
795 1655 917 1707 educavit
926 1655 1015 1718 filiam,
1027 1655 1153 1709 Phanium
1165 1655 1221 1706 no·'

141 1734 225 1795 minc,
242 1747 351 1798 eamque
367 1734 476 1784 consilio
492 1749 551 1785 cum
567 1732 650 1785 fratre
664 1735 753 1786 habito
769 1735 911 1787 destinavit
930 1736 982 1787 filio
1000 1736 1055 1800 ejus
1066 1734 1211 1800 Antiphoni

142 1811 337 1864 uxorem'dare.
370 1813 470 1865 Quibus
487 1815 656 1879 complacitis,
671 1829 723 1865 uno
739 1821 855 1880 tempore
874 1813 987 1880 profecti
1000 1812 1109 1866 Athenis
1126 1807 1213 1880 senes,

142 1894 278 1958 Demipho
288 1893 314 1944 in
326 1893 451 1958 Ciliciam,
468 1895 590 1947 Chremes
601 1897 726 1946 Lemnum
743 1896 775 1946 ad
791 1896 970 1947 arcessendam
981 1895 1068 1958 filiam,
1084 1910 1142 1961 qnae
1154 1896 1213 1961 jaus

141 1975 217 2026 illinc
228 1988 287 2024 cum
297 1981 380 2023 matre
389 1976 564 2039 navigaverat,
575 1977 737 2028 occasionem
748 1977 877 2029 dederuut
885 1978 986 2028 amandi
996 1977 1213 2028 adolescentibus.

133 2057 217 2126 ‘Nam
235 2054 323 2103 statim
335 2054 455 2103 Phaedria
473 2055 660 2108 citharistriam
678 2058 726 2108 sub
737 2059 830 2108 lenone
840 2059 920 2121 coepit
931 2059 1037 2107 ardere:
1056 2056 1170 2121 Antipho
1181 2058 1215 2109 il·

142 2137 198 2186 lam
209 2131 288 2183 tiliam
299 2133 384 2197 patrui
400 2134 526 2185 Phanium
539 2136 722 2200 desponsatam
734 2138 791 2195 sihi,
806 2139 923 2189 nesciens
932 2139 1100 2199 nescientem,
1110 2151 1170 2187 mcx
1181 2142 1213 2186 ut

143 2214 263 2266 Athenas
282 2213 363 2275 venit,
384 2227 433 2264 nec
454 2222 555 2278 patrem
575 2218 683 2279 reperit,
698 2214 765 2265 falsa
784 2215 881 2280 duplici
898 2217 953 2280 ejus
968 2217 1081 2279 nomine,
1100 2223 1210 2265 matrem
1233 2255 1235 2258 ,

142 2304 274 2345 mortuam
294 2295 356 2344 dnm
375 2295 543 2357 lamentatur,
561 2295 708 2346 adamavit:
726 2298 882 2362 consilioque
901 2302 928 2346 et
943 2311 1025 2361 opera
1041 2295 1156 2360 parasiti,
1171 2311 1212 2346 se·

143 2376 260 2426 cundum
278 2375 349 2440 leges
361 2373 568 2438 Atheniensium,
585 2377 658 2440 quasi
678 2376 727 2425 sihi
747 2383 860 2442 cognata
877 2386 957 2441 esset,
974 2385 1095 2443 tanquam
1111 2377 1138 2428 in
1152 2377 1212 2441 jura

142 2456 231 2507 victus
248 2461 277 2506 et
289 2457 360 2506 velut
376 2464 491 2517 coactus,
507 2471 564 2507 eam
583 2458 687 2521 accepit
698 2471 804 2508 uxorem
820 2472 868 2521 per
884 2459 1024 2509 absentiam
1037 2459 1128 2522 patris.
1160 2457 1213 2510 Qut

143 2552 205 2588 curn
213 2536 372 2600 advenisset,
388 2543 416 2586 et
424 2538 504 2588 vellet
517 2553 573 2587 earn
584 2539 735 2601 expellere:
753 2538 835 2601 primo
844 2537 992 2589 confutatur
1001 2554 1047 2603 per
1056 2539 1213 2604 impudenti·

142 2632 188 2668 sm
200 2617 316 2680 parasiti.
350 2617 415 2666 Post
433 2631 491 2667 cum
507 2633 553 2668 sno
566 2617 645 2667 fratre
657 2619 694 2668 sic
715 2619 855 2681 decipitur,
871 2625 911 2681 nt,
929 2619 989 2668 dum
1008 2634 1063 2668 eam
1078 2619 1162 2668 credit
1178 2620 1212 2669 ab

143 2698 298 2760 Antiphone
310 2711 386 2760 posse
404 2696 525 2760 disjungi,
542 2711 597 2746 eam
610 2696 738 2759 parasitus
750 2697 806 2760 ipse
819 2697 897 2746 doeat
908 2711 1030 2759 uxorem
1048 2703 1076 2746 et
1093 2699 1138 2747 det
1149 2697 1211 2747 duc-

144 2783 207 2828 turo
218 2790 286 2827 xxx.
298 2776 377 2825 minas
390 2778 543 2840 prasenteis
554 2778 631 2836 dotis,
642 2777 734 2841 puelle
746 2777 865 2838 nomine;
882 2792 945 2842 quas
956 2777 1078 2827 Phormio
1090 2786 1211 2841 acceptas

134 2856 278 2917 ,Phaedria
291 2856 379 2907 dedit:
397 2857 441 2905 ille
453 2857 538 2905 lenoni
549 2856 582 2905 ad
600 2856 788 2907 citharistriam
804 2847 989 2918 redimendus.
1022 2858 1121 2910 Quibus
1132 2861 1212 2923 gestis

134 2938 254 2991 sardam
277 2937 399 2986 Chremes
426 2937 543 3001 agnoscit
567 2936 647 2986 filiam
671 2952 743 2987 susm
765 2938 932 3000 conjunctam
958 2951 1017 2987 esse
1039 2937 1128 2988 fratris
1148 2940 1211 2990 filio.

144 3019 238 3070 Quare
254 3016 316 3065 dum
332 3023 431 3066 mnmto
448 3017 556 3066 consilio
568 3029 637 3066 xxx.
655 3017 736 3066 minas
752 3032 768 3065 a
784 3016 998 3091 Phormionepcr
1008 3018 1091 3066 rixam
1103 3027 1212 3069 conatur

144 3099 262 3162 exigere,
281 3110 328 3160 per
345 3098 453 3147 eundem
466 3097 585 3161 proditus
595 3099 670 3149 rrxorl
683 3114 736 3148 suae
750 3099 921 3148 Nausistrata
933 3104 988 3150 ests
1006 3105 1041 3162 et,
1053 3097 1137 3148 factus
1153 3098 1211 3148 libi·

138 3172 215 3231 'dinis
231 3192 301 3239 reus,
319 3192 369 3226 non
389 3186 449 3227 ante
460 3179 562 3227 veniam
573 3179 667 3230 meruit
677 3193 693 3228 a
704 3177 908 3241 matrefamilias,
923 3193 998 3243 quarn
1010 3186 1038 3230 et
1048 3192 1118 3229 xxx.
1129 3179 1211 3230 rniua-

118 3254 120 3259 ’
138 3272 205 3311 ,ram
223 3264 252 3308 et
272 3260 365 3307 amoris
385 3259 555 3310 citharistria
575 3261 674 3312 veniam
692 3261 808 3312 dedisset
826 3260 887 3312 lilio.
919 3261 1023 3311 Primus
1041 3270 1115 3311 actus
1131 3269 1173 3312 ast
1184 3262 1212 3311 in

143 3339 277 3404 colloquio
287 3339 355 3388 Davi
367 3346 394 3388 et
406 3339 497 3388 Getae:
516 3355 564 3404 per
580 3356 643 3405 qnos
660 3341 738 3391 discit
749 3341 859 3405 populns
876 3348 1064 3406 argumentum.
1097 3342 1212 3392 Secundi

137 3427 222 3471 ‘actus
241 3425 315 3470 tenor
333 3420 449 3469 continet
468 3420 606 3470 adventum
623 3423 697 3471 Senis
717 3404 903 3486 tdrbulentnm,
920 3428 948 3472 et
967 3422 1083 3484 ejusdem
1095 3423 1211 3487 jurgium

138 3498 270 3554 ¹adsersus
282 3501 377 3552 Getam
394 3507 422 3551 et
432 3499 587 3552 Phaedriam.
619 3503 710 3552 Tertio
728 3503 798 3552 actui
815 3502 963 3553 attribuitur
970 3490 1086 3564 ¹litigium
1095 3502 1170 3550 Senis
1181 3509 1211 3550 et

142 3583 325 3634 Phormioniss
342 3590 396 3633 tum
415 3581 572 3632 consultatio
589 3595 646 3630 cam
659 3580 808 3629 advocatis:
827 3587 881 3629 tum
892 3579 1048 3642 Antiphonis
1065 3580 1089 3628 in
1107 3593 1211 3629 scenam

138 3665 257 3726 reditus,
272 3664 478 3730 colloquiumque
494 3678 553 3713 cnm
564 3662 649 3713 Getas
666 3668 720 3712 tum
733 3661 832 3711 lenonis
849 3666 876 3710 et
892 3659 1021 3709 Phaedriss
1041 3659 1210 3709 colluctatio:
1294 3677 1296 3680 ¹

145 3753 203 3796 tum
220 3744 367 3796 adhortatio
386 3745 463 3794 Getas
485 3745 517 3795 de
537 3742 690 3794 inveniendo
708 3749 816 3808 argento
836 3743 868 3793 ad
887 3741 1062 3792 redimendam
1082 3739 1210 3790 Phaedria

145 3825 350 3878 citharistriam.
384 3827 509 3878 Quartam
527 3833 613 3875 actum
624 3824 676 3874 ista
693 3824 893 3874 concelebrant:
918 3823 1044 3872 adventus
1057 3821 1211 3882 Chremetis,

146 3906 316 3971 ejusdemque
338 3921 395 3955 cum
415 3904 497 3955 fratre
514 3906 668 3955 deliberatio
685 3919 734 3970 per
753 3920 867 3955 errorem
886 3904 920 3953 dc
939 3904 1067 3967 ejicienda
1087 3901 1208 3952 Phanio:

145 3988 227 4038 (letae
244 3986 327 4037 verba
345 3988 377 4036 de
393 3985 513 4036 fallendis
531 3987 647 4036 senibus:
670 3985 827 4047 Antiphonis
843 3985 927 4035 oratio
944 3984 1012 4047 apud
1028 3991 1112 4033 semet
1126 3982 1208 4047 ipsum

142 4070 180 4131 do
198 4082 285 4118 amore
304 4067 459 4118 tractantis:
488 4067 563 4116 Getae
586 4081 671 4116 rursus
691 4079 749 4116 cnm
768 4064 872 4115 senibus
892 4064 993 4125 callida,
1017 4069 1045 4113 et
1070 4078 1129 4114 mox
1150 4079 1209 4115 cum

147 4149 302 4213 Antiphone
314 4149 448 4198 decadem
464 4162 539 4199 causa
554 4149 663 4215 simplex
680 4147 837 4213 disputatio:
854 4160 943 4198 senum
954 4147 1022 4196 inter
1039 4160 1068 4201 se
1088 4146 1210 4211 colloqui·

183 4231 308 4295 Delph.st
321 4229 452 4283 VnaClus,
621 4230 716 4280 rasas.
1081 4226 1143 4279 3Μ
