2678 4694
316 323 631 374 unsuronuuuom
655 323 738 374 scr.
757 325 780 374 ι.
804 327 857 377 sc.
874 329 898 376 1.
1092 315 1156 381 ete

56 467 198 534 Nullum
213 469 354 534 remittis
369 473 524 554 tempus;
545 487 651 553 neque
667 476 699 532 te
713 470 864 552 respicis.

56 569 146 634 Haec
161 588 229 634 non
244 570 408 652 voluptati
423 569 486 633 tibi
499 587 588 647 esse,
604 569 687 633 satis
701 577 796 634 certo
809 571 892 636 scio.

55 670 103 738 At
118 671 207 735 enim
223 671 329 749 dices,
346 669 417 749 Me,
432 678 591 754 quantum
605 669 661 734 hic
677 672 789 754 operis
804 671 873 750 fist,
883 674 1037 759 poenitet.
1112 675 1156 741 20

53 875 146 926 uesper
157 864 290 927 tesotiges,
301 879 343 914 seo
354 868 402 914 tsae
411 863 489 928 parcis
499 864 636 914 aobtudisi.
671 864 722 913 Pro
739 869 802 913 certo
817 869 958 928 compertum
973 866 1044 916 bobes
1059 866 1109 917 bea
1125 867 1157 916 sd

54 928 233 979 delectationem
252 935 317 979 tuam
333 945 380 979 son
387 930 457 995 fieri.
489 930 524 978 At
541 928 603 978 esim
619 927 701 979 dices:
721 930 800 980 rasas
816 944 853 979 sse
869 930 956 994 operis,
974 933 1035 994 qaod
1046 930 1156 996 fitbr‘es

54 1171 152 1232 iocum,
163 1176 193 1219 ut
202 1169 231 1220 ri
240 1169 338 1234 desque
349 1183 399 1219 nou
411 1170 446 1220 sit
458 1169 559 1221 initium
571 1186 644 1222 nosse
655 1173 802 1235 sententiae,
813 1171 860 1222 sed
871 1172 977 1223 claudat
988 1171 1156 1236 superiorem.

54 1236 196 1287 Terentius
214 1243 302 1284 sutem
322 1236 468 1298 promiscue
487 1245 604 1300 usurpat.
639 1239 789 1303 Quanquam
802 1237 920 1286 Donatus
933 1239 965 1287 ad
986 1238 1090 1291 Pborm.
1102 1251 1120 1288 r.
1131 1242 1157 1289 Ε.

54 1303 97 1349 71.
109 1305 202 1349 notat:
214 1301 303 1348 ‘more
314 1313 360 1347 suo
370 1299 518 1360 Terentius,
528 1301 627 1364 denique
637 1302 724 1363 posuit
734 1302 760 1349 iu
771 1299 822 1350 fine
835 1316 933 1351 sensus.
964 1301 1008 1351 Sic
1020 1302 1046 1350 in
1058 1302 1155 1351 Heaut.

54 1362 189 1425 ‘Fodere,
199 1369 246 1412 sut
257 1377 342 1422 arare,
352 1370 399 1412 sut
408 1363 506 1428 aliquid
518 1362 606 1415 facere
623 1366 734 1429 denique
744 1364 762 1425 ς’
779 1374 807 1414 ut
820 1367 853 1415 sit
869 1367 975 1428 denique,
993 1367 1034 1414 vei
1052 1365 1157 1428 deiude,

55 1428 98 1476 vei
110 1427 145 1476 sd
162 1427 339 1490 postremum!
371 1427 480 1477 Secutus
491 1436 577 1478 sutem
589 1444 644 1479 sum
660 1429 853 1478 distinctionem
866 1431 942 1478 trium
954 1430 1083 1480 vetustiss.
1095 1430 1156 1481 edd.

55 1491 113 1542 ΕΡ.
125 1491 179 1540 ΕΤ.
190 1492 249 1541 EV.
259 1496 279 1541 1.
292 1498 346 1540 tum
356 1491 421 1541 Rob.
430 1491 564 1555 Stephani,
574 1494 690 1550 Fabriui,
702 1501 728 1542 et
740 1494 861 1551 aliorum;
873 1508 949 1556 quam
958 1502 986 1542 et
994 1493 1156 1543 observatam

55 1556 146 1604 ridere
155 1569 197 1604 me
209 1556 313 1605 memini
324 1557 352 1603 in
360 1555 405 1616 G„
415 1570 472 1605 cum
484 1556 620 1606 inviserem
631 1557 663 1606 ad
676 1558 715 1608 Ci.
726 1558 826 1617 Virum,
838 1557 898 1607 Job.
909 1557 1006 1606 Theod.
1018 1557 1157 1606 Scbatbrn·

56 1619 153 1680 cuium,
165 1619 260 1682 Gymn.
272 1617 415 1668 Amsteiod.
428 1619 619 1670 Professorem:
638 1630 696 1685 pust
713 1622 786 1684 cujus
797 1622 896 1671 obitum
912 1621 975 1670 Cod.
994 1622 1037 1669 iiio
1057 1622 1156 1685 potitus

56 1684 134 1732 video
146 1697 188 1732 me
200 1691 271 1733 recte
281 1683 443 1733 meminisse:
462 1685 507 1732 sed
519 1691 547 1734 et
557 1685 583 1733 iu
594 1686 649 1734 ΕΤ.
667 1691 697 1734 et
712 1686 776 1734 ΕΜ.
793 1684 823 1733 rb
839 1686 937 1748 denique
948 1686 1053 1734 inchoat
1063 1699 1156 1734 novam

56 1749 230 1798 senteutiam:
248 1748 294 1796 sed
306 1748 331 1796 iu
343 1758 452 1811 utraque
464 1762 510 1811 pro
524 1747 594 1799 ferre
605 1750 699 1811 iegitur
705 1749 796 1808 fucere.
830 1749 905 1798 Unde
920 1751 976 1811 ipss
988 1749 1107 1799 Graevius
1118 1750 1156 1799 ita

56 1812 122 1875 tegit
133 1811 168 1860 ad
180 1812 233 1860 Cic.
245 1812 317 1860 Fam.
329 1825 359 1861 x.
369 1816 409 1862 24.
445 1811 580 1862 Accedunt
596 1815 661 1862 Mss.
681 1813 772 1864 Leidd.
795 1812 863 1875 Lips·
874 1815 920 1862 Tr.
933 1814 1009 1864 Budt.
1024 1823 1051 1863 et
1063 1814 1157 1863 Boend.

57 1875 93 1924 Et
103 1890 168 1925 sune
179 1889 230 1924 nou
248 1876 350 1924 uidetur
368 1877 449 1938 magis
466 1891 499 1924 ex
518 1878 575 1931 luco
593 1878 725 1927 Ciceronis
741 1875 845 1938 contisi,
862 1876 892 1925 rb
906 1879 1003 1940 desiqu
1017 1880 1042 1927 b.
1055 1879 1071 1927 Ι.
1082 1877 1157 1927 finito

58 1939 225 2002 sententiam,
242 1953 318 2002 quam
331 1941 397 1989 Eun.
410 1954 453 1989 ιιι.
466 1945 489 1988 l.
500 1945 542 1990 m.
559 1942 637 1990 ‘Risu
650 1955 748 2000 omues,
767 1942 810 2004 qui
822 1941 940 2002 aderant,
951 1943 1070 1992 emoriri:
1084 1941 1157 1992 deni·

72 2019 106 2054 ne
127 2005 285 2053 Metuebant
302 2018 391 2053 omues
406 2005 461 2067 jam
480 2004 539 2055 me!
579 2006 644 2056 Quae
665 2007 746 2054 uerba
765 2006 801 2054 ita
817 2006 882 2054 citat
901 2007 1049 2055 Priscianus
1068 2006 1155 2057 lustit.

84 2075 204 2118 resumat.
215 2067 260 2117 iib.
273 2081 302 2118 x.
323 2069 383 2117 Risu
393 2069 488 2117 emoriri
499 2084 576 2118 omnes
586 2071 690 2132 denique.
707 2070 790 2118 West.
824 2070 899 2118 Ferre
910 2069 952 2117 bic
967 2070 1074 2131 perinde
1087 2069 1157 2120 forst

55 2147 87 2182 sc
107 2140 225 2196 portare,
244 2139 356 2194 gestare.
390 2133 455 2183 Quis
467 2147 528 2181 vero
540 2134 577 2182 sic
588 2134 735 2198 toquentem
752 2130 837 2181 feret?
865 2135 935 2195 Lege
946 2147 1004 2182 cum
1017 2133 1078 2182 edu.
1090 2141 1156 2185 vett.

55 2205 83 2246 et
94 2211 148 2246 uno
159 2210 194 2245 ex
206 2197 308 2258 nostris,
316 2195 410 2255 secere:
427 2198 490 2245 alius
501 2203 638 2260 utrumque
650 2198 728 2246 babet
742 2196 832 2258 facee,
844 2196 921 2256 ferre.
954 2198 1020 2259 Eug.
1037 2198 1105 2246 ‘Hic
1115 2206 1157 2247 est

55 2261 188 2311 isboriiie
200 2260 342 2324 plurimun
360 2275 409 2322 quo
425 2261 540 2324 quotidie
561 2269 606 2310 aut
625 2261 715 2311 fodere
730 2261 869 2320 invenitur,
889 2268 934 2310 aut
944 2261 1038 2324 aliquid
1050 2260 1157 2311 facere!

56 2325 99 2375 ita
112 2326 207 2376 Cicero
218 2324 251 2372 de
264 2325 320 2374 Fiu.
330 2339 348 2373 r.
360 2330 381 2373 l.
393 2326 476 2374 iocum
487 2326 555 2374 bunc
567 2327 649 2374 citans
659 2325 758 2388 denique
769 2325 896 2388 prioribus
907 2326 1029 2388 apponit3
1046 2326 1108 2376 iicet
1119 2327 1156 2376 ibi

57 2391 158 2440 editum
170 2389 206 2438 sit
213 2387 289 2448 serre.
325 2390 404 2452 Atqui
422 2390 444 2437 si
459 2389 526 2449 ferre
538 2391 639 2451 legeris,
652 2390 798 2438 necessario
808 2389 871 2438 illud
883 2390 981 2452 denique
991 2391 1156 2454 sequentibus

57 2461 216 2518 sppuuetur·
234 2454 305 2502 Brut.
341 2453 393 2502 Etsi
413 2455 489 2502 Beut.
506 2455 644 2503 lectionem
655 2459 697 2502 unt
707 2454 797 2516 aliquid
808 2458 890 2513 fucere
906 2455 1012 2516 denique,
1029 2469 1104 2518 quam
1117 2469 1157 2504 re·

58 2520 128 2582 perit
139 2520 166 2567 iu
179 2530 230 2566 unu
242 2518 300 2566 cod.
320 2525 348 2566 et
366 2524 430 2566 vett.
448 2517 506 2566 edd.
526 2529 554 2567 et
571 2533 628 2582 quae
650 2533 665 2566 a
686 2518 787 2566 Donato
805 2517 837 2566 ad
857 2518 962 2567 Phorm.
979 2531 998 2567 1.
1016 2523 1041 2567 2.
1057 2522 1098 2567 71.
1116 2526 1158 2569 est

56 2596 192 2646 supressa,
208 2595 298 2630 sensus
314 2582 397 2644 gratis
415 2579 603 2644 preferendam
622 2589 714 2644 putat:
734 2582 845 2644 aurigeris
857 2591 944 2631 tamen
956 2582 1044 2643 lectio,
1060 2597 1117 2632 cunr
1128 2592 1157 2632 et

57 2647 192 2697 ciceronis
204 2647 361 2694 acrotoritste
372 2645 405 2694 de
423 2647 481 2696 Fin.
493 2659 512 2695 r.
524 2651 547 2696 l.
565 2653 592 2693 et
606 2660 694 2694 sensus
714 2646 864 2707 praestantia
881 2645 1072 2709 comprobetur,
1087 2645 1157 2696 baud

57 2711 135 2761 dubie
148 2709 256 2761 retineri
266 2710 353 2762 debet.
365 2709 431 2758 Nam
443 2709 513 2758 ferre
525 2709 632 2773 atiquid,
641 2723 687 2757 seu
699 2717 809 2769 gestare,
819 2709 950 2757 laboribus
960 2710 1061 2758 rusticis
1076 2710 1156 2772 probe

56 2775 189 2826 convenit.
224 2775 346 2823 Ceterum
360 2781 417 2836 post
426 2774 523 2836 denique
535 2771 768 2835 interpungendum
780 2777 828 2822 est.
862 2773 929 2821 Num
941 2774 1077 2822 Terentius
1091 2775 1157 2829 bano

58 2841 217 2903 particulam
236 2839 302 2888 solet
321 2840 347 2888 iu
365 2837 416 2887 fine
435 2839 569 2886 sententiae
588 2851 685 2900 ponere
704 2844 734 2885 ut
753 2836 856 2884 Pborm.
868 2837 885 2883 Ι.
899 2836 915 2884 i.
932 2843 959 2883 et
972 2838 1035 2884 Eun.
1049 2851 1067 2884 ι.
1078 2842 1102 2887 2.
1115 2843 1156 2887 78.

59 2905 135 2953 Zeno.
163 2903 294 2960 Pruserre
305 2912 375 2952 recte
386 2903 464 2950 Bent.
476 2918 509 2950 ex
523 2903 593 2950 tibris
605 2901 717 2965 antiquis
728 2899 954 2977 revqcevitfucere.
972 2900 1052 2975 1³31).
1071 2901 1158 2951 Facere

57 2967 269 3096 gzffiubrffli'elbit
281 2968 359 3080 Bgdld·
368 2965 1066 3093 alnpacppequqnp'grepqitcrapsepqicqtinpqqqepppppp
1078 2965 1156 3080 iqui?

58 3097 145 3157 fluore
157 3098 283 3146 malumus
293 3095 370 3154 sem,
383 3095 460 3158 idque
472 3109 529 3143 cum
541 3095 603 3144 Mss.
614 3093 670 3158 (ap.
685 3093 778 3157 Wesr.)
787 3093 843 3144 ΕΡ.
852 3092 908 3141 ΕΤ.
920 3092 980 3141 ΕΜ.
992 3092 1057 3170 Arg.
1069 3108 1092 3142 c.
1103 3094 1156 3145 tiss.

58 3159 91 3211 R.
102 3162 196 3224 Stepb.
209 3160 322 3216 Febrim,
335 3160 421 3220 Rivis,
433 3161 476 3207 Er.
493 3160 557 3208 Met.
578 3159 669 3208 Heius.
682 3158 764 3207 West.
776 3158 952 3221 dispungimur
963 3158 1084 3222 adeatque
1092 3175 1101 3216 ,·
1118 3159 1158 3208 uti

57 3225 125 3275 Ειιη.
136 3239 183 3274 rrr.
195 3229 218 3274 1.
227 3228 267 3275 tt.
281 3225 367 3272 Editor
374 3223 432 3285 Rip.
452 3221 638 3286 Abestdeuique
647 3220 736 3272 Guelf.
745 3225 836 3272 2.-1e
845 3220 886 3270 ΑΙ.
897 3220 988 3270 indunt
997 3221 1052 3278 ribi,
1061 3223 1129 3286 quod
1142 3238 1158 3272 e

57 3290 143 3351 glossa
153 3291 180 3338 iu
189 3289 252 3338 Μαι.
262 3288 395 3350 irrepsisse
404 3287 519 3347 videtum
528 3295 601 3336 certe
609 3287 738 3335 senarium
746 3285 992 3348 interficit.Ed.Bip.
1005 3288 1157 3351 Deestquo·

59 3355 144 3416 quein
156 3353 237 3403 Botb.
256 3351 308 3401 Sed
317 3352 430 3414 probant
442 3359 469 3400 et
481 3351 625 3400 defenduut
633 3350 711 3400 Beut.
725 3352 835 3400 Fae-2⁰
849 3352 881 3400 Ar
889 3350 991 3410 cointe,
1003 3367 1027 3414 q.
1038 3351 1062 3400 b.
1072 3350 1158 3416 ufiut,

55 3419 164 3480 paritet.
174 3417 242 3467 Sice
252 3417 316 3465 Mes.
326 3416 478 3480 quibusdum
490 3416 641 3478 recipimus:
653 3415 782 3464 sicsaivus
791 3421 833 3463 est
841 3414 970 3474 senarius3
979 3415 1016 3462 sie
1025 3423 1052 3464 et
1060 3413 1160 3465 Noster'

57 3481 105 3530 ini.
116 3495 155 3532 tv.
165 3485 191 3530 3.
200 3485 241 3532 35.
254 3479 303 3530 Ad.
313 3494 338 3529 v.
346 3485 370 3529 3.
377 3483 417 3529 44.
427 3480 499 3528 etsie
509 3481 562 3528 Cic.
570 3478 704 3528 formulam
714 3480 756 3528 ‘st
764 3478 840 3527 enim’
853 3478 959 3527 adhibet
968 3479 992 3527 in
1002 3479 1158 3541 objectione,

59 3547 201 3595 cuiststim
222 3546 386 3608 respoudeat.
421 3545 473 3592 Pro
491 3544 577 3606 glossa
589 3544 669 3607 igitur
689 3543 761 3592 uobis
779 3551 828 3605 est,
842 3542 909 3606 quod
929 3543 1006 3603 vitige
1025 3544 1159 3605 ingeritur,

58 3611 94 3660 st
104 3612 169 3661 esim
182 3609 248 3658 dices
262 3624 306 3658 me.
339 3607 392 3656 Sed
404 3608 478 3656 Bem.
490 3615 517 3656 et
533 3608 585 3656 Du.
598 3607 630 3655 sd
644 3609 709 3656 Eun.
724 3621 749 3656 v.
760 3612 785 3656 7.
797 3621 846 3654 nou
856 3607 952 3655 babent
963 3621 1007 3665 me,
1019 3605 1086 3668 quud
1099 3620 1157 3668 pro·

58 3674 120 3725 iude
133 3672 276 3722 omisitFa.
307 3671 361 3721 Alii
371 3671 556 3722 intercludunt.
591 3672 668 3720 Beut.
686 3686 743 3720 cum
756 3672 825 3720 Mur.
835 3671 932 3721 omittit
943 3671 1014 3728 dices,
1024 3678 1050 3716 et
1062 3672 1158 3722 retinet

58 3753 102 3788 sse.
137 3737 415 3787 lubacincunstautia
431 3747 546 3786 nostrum
565 3736 753 3798 magispincet.
772 3736 887 3797 EdBip.
921 3733 1003 3784 Cudd.
1015 3743 1158 3794 agnoscunt

58 3804 132 3863 diaes
151 3814 236 3866 neque
252 3815 315 3849 seue
334 3801 462 3863 intelligo,
474 3815 521 3849 cur
533 3801 581 3848 buc
592 3800 670 3850 Beut.
687 3808 845 3863 expunctum
859 3799 968 3847 voluerit
984 3797 1158 3862 potiusquam

58 3867 135 3929 aperis
143 3867 182 3930 (v.
195 3865 263 3913 enim
274 3881 281 3913 t
298 3865 337 3914 bio
347 3865 424 3927 operis
427 3864 498 3928 fiet),
507 3863 576 3928 quud
588 3865 692 3912 minime
704 3864 875 3913 necessarium
886 3861 967 3910 estad
984 3875 1094 3925 sensum,
1105 3879 1157 3912 mu·

59 3931 151 3996 sisque
169 3928 281 3980 offendit
296 3936 405 3993 propter
422 3931 509 3978 statim
521 3929 675 3992 sequentis:
693 3927 786 3980 ‘Quod
803 3929 921 3990 inopere
935 3924 1073 3976 faciundo!
1106 3930 1158 3979 Ex·

559 4054 667 4105 NOTAE
712 4072 717 4082 ·

105 4114 142 4203 v2⁰
158 4150 194 4202 At
205 4148 269 4201 ssim
279 4149 354 4214 dices]
372 4149 593 4217 Antbypopbora3
610 4151 742 4216 responsio
754 4150 787 4200 ad
797 4165 827 4202 ea
838 4165 895 4217 quae
906 4150 984 4216 objici
997 4156 1109 4215 possent.
