2678 4694
368 317 538 365 nuuucffl
558 318 646 367 acu.
672 318 703 367 v.
727 318 778 368 sc.
806 320 863 366 rx.
1016 383 1021 392 Ι
1094 304 1162 369 585

65 460 204 544 Accipit
218 459 383 530 hominem
400 478 498 527 nemo
513 459 631 527 melius
647 478 793 542 prorsus,
805 480 917 549 ,neque
929 463 1105 546 prolixius.

66 566 136 628 Pu.
157 562 296 638 Mirum,
310 562 343 622 ni
359 560 441 626 illoc
455 561 586 626 homine
608 580 748 645 quoquo
763 544 866 645 pacln
879 582 967 647 opus
982 572 1045 630 est.
1091 566 1146 632 Cu

197 663 288 732 ldem
303 683 366 745 ego
381 663 528 731 arbitror.
1132 688 1135 693 ·

65 768 137 834 GN.
161 765 268 831 Recte
288 765 410 831 facitis
456 765 569 830 Unum
593 767 694 830 etiarn
714 765 780 830 hoc
803 784 865 834 vos
890 789 961 847 oro,
984 776 1023 836 ut
1045 787 1098 836 rne
1124 773 1160 836 in

192 872 339 939 vestrum
354 888 482 952 gregem

64 972 275 1056 Recipiatis:
298 973 382 1037 satis
406 973 464 1037 diu
486 971 550 1037 hoc
568 972 643 1056 jam
664 993 786 1039 saxum
811 976 921 1042 volvo.
968 976 1036 1040 Pu.
1059 975 1161 1042 Reci-

123 1150 126 1155 ‚
193 1073 318 1158 pimus.
647 1069 654 1084 “
1116 1081 1161 1143 55

64 1176 132 1242 GH.
156 1174 210 1240 Ac
224 1177 379 1241 libenter.
422 1177 495 1243 GN.
519 1175 565 1242 At
579 1195 642 1260 ego
662 1197 723 1260 pro
745 1179 842 1257 istoc,
864 1179 1035 1259 Phaedria,
1057 1185 1089 1244 et
1111 1189 1160 1258 tn,

195 1277 345 1357 Chaerea,

64 1382 171 1450 Hunc
198 1380 442 1448 comedendum
467 1385 500 1445 et
526 1380 739 1446 deridendum
770 1381 865 1445 vobis
892 1382 1048 1466 propino.
1092 1381 1161 1448 Cu.

193 1485 322 1550 Placet.

61 1631 190 1692 tristiam
200 1631 390 1682 semunciam
399 1631 504 1681 macioio
514 1628 603 1694 recipit
613 1630 741 1694 literatius,
749 1646 821 1694 neque
832 1633 920 1683 tautam
930 1636 954 1682 et
963 1633 1162 1699 multatim

62 1700 118 1748 Pu.
137 1697 260 1746 Nimirum
274 1697 317 1745 trac
331 1696 423 1747 unane
441 1696 504 1746 crasi
522 1697 589 1745 modo
604 1695 671 1744 uotis
686 1711 741 1745 usus
759 1702 804 1745 est.
837 1698 889 1747 Cn.
907 1697 974 1747 Idem
982 1698 1072 1759 judico.
1104 1699 1161 1750 Gru.

62 1763 139 1811 Recte
149 1762 215 1811 votis
221 1762 365 1825 prospicitis.
402 1761 481 1810 Uirum
491 1761 563 1810 ctiam
580 1766 617 1810 ert
634 1762 694 1824 quod
710 1779 725 1810 c
743 1762 808 1810 cotie
820 1763 920 1826 postulo,
934 1768 962 1812 ut
977 1778 1014 1812 me
1024 1764 1050 1813 ia
1059 1768 1163 1817 vesum

59 1827 210 1876 sodditntem
228 1826 369 1876 admittatis
402 1824 468 1874 Satis
485 1826 528 1878 diu
544 1827 605 1874 tuac
621 1825 720 1889 lapidem
734 1827 833 1875 molior.-
844 1827 942 1889 iamdiu
957 1829 984 1876 id
995 1843 1072 1878 conor.
1106 1828 1162 1880 Pu.

61 1891 229 1941 Admittimus.
261 1892 314 1940 Cn.
335 1892 410 1953 quue
427 1889 509 1939 wenti
525 1890 602 1938 auimo
612 1891 726 1950 jacimus.
760 1891 814 1940 Gn.
830 1893 865 1940 At
885 1907 928 1952 ego
945 1906 989 1954 pro
1005 1893 1054 1941 isto
1070 1892 1162 1954 gratia.

62 1955 187 2013 Phaedria,
200 1959 278 2018 tuque,
291 1955 399 2016 Cicerae,
410 1953 470 2002 licie
483 1955 587 2003 Militem
603 1955 667 2002 ociis
684 1955 846 2004 comedendum
857 1962 880 2004 et
891 1957 1042 2006 deridendum
1049 1957 1163 2020 propino:

59 2020 122 2070 irinc
132 2019 197 2068 ociis
206 2021 285 2083 trado,
295 2025 322 2068 ut
334 2019 385 2080 eius
395 2018 509 2068 sumtibus
524 2021 590 2067 tauto
600 2023 625 2067 ct
635 2018 725 2082 copiosa
736 2021 843 2069 cornuin
854 2020 966 2083 sociatis,
977 2021 1043 2084 eique
1053 2036 1084 2070 ex
1093 2021 1161 2070 actito

519 2160 697 2181 annuunt

60 2266 127 2312 -52
136 2262 168 2311 In
177 2259 262 2310 tribus
270 2259 384 2324 antiquis
392 2258 466 2308 libris
474 2258 570 2323 legitur
577 2260 643 2308 immo
650 2274 723 2309 nemo.
747 2259 790 2308 Ita
801 2259 1163 2325 ‘Accipit’sbsoluteintelli·

60 2328 174 2388 gendum
183 2331 239 2374 est:
253 2325 326 2374 etsie
338 2339 439 2389 quoqne
450 2332 502 2372 stat
514 2337 611 2380 versus,
622 2323 776 2386 assignando
788 2325 878 2387 primm
887 2327 943 2375 sedi
952 2326 1160 2384 trocnaeumAEa.

61 2394 145 2442 Recte
157 2391 225 2441 domo
241 2405 324 2449 serm
340 2396 370 2438 nt
380 2402 412 2437 ex
428 2388 522 2437 nostris
533 2389 647 2452 aliquan
665 2391 715 2438 etsi
732 2403 822 2438 novem
840 2388 895 2438 fere
911 2392 935 2438 in
948 2391 1062 2440 diversas
1073 2397 1169 2478 paneg

60 2457 170 2506 abeant.
202 2455 314 2516 Nouius,
324 2469 348 2504 v.
358 2452 497 2516 Accipere,
506 2453 585 2502 habet
595 2453 690 2516 Accipit
698 2454 820 2503 tomitem.
845 2454 896 2503 Sed
907 2455 941 2503 ibi
954 2457 1037 2505 codex
1050 2458 1162 2522 scriptus

59 2525 119 2571 90⁰.
131 2533 266 2579 annorum,
277 2520 351 2568 tomo.
385 2517 491 2566 Servius
504 2531 605 2582 qnoque
620 2518 687 2565 tomo
706 2517 738 2565 ad
756 2517 814 2566 AEn.
830 2532 872 2567 111.
883 2524 940 2568 ³⁵³.
974 2521 1097 2578 Proteum,
1110 2537 1161 2570 uon

56 2599 157 2650 prorsus
168 2584 285 2648 plerique
294 2596 397 2632 omnes:
416 2582 483 2646 quod
495 2591 566 2631 certe
575 2582 644 2630 inter
656 2582 663 2609 ‘
673 2581 776 2630 melius’
790 2583 833 2630 et‘
843 2584 965 2645 prolixius
974 2583 980 2605 ’
990 2584 1049 2633 ideo
1058 2574 1161 2640 concin‘·

58 2651 119 2698 nius
128 2654 178 2706 est,
193 2647 261 2713 qnod
272 2647 386 2710 ingratus
401 2646 451 2694 iste
461 2646 549 2695 sibilus
561 2647 683 2696 evitetur.
694 2647 768 2694 Beni.
783 2647 841 2695 Ace.
852 2648 967 2696 hominem
977 2663 1043 2696 nemo
1052 2664 1161 2711 porrum

58 2728 136 2777 neque
155 2714 201 2761 Br.
218 2712 309 2761 Metius
320 2711 410 2760 abesse
426 2724 478 2758 non
491 2725 567 2774 posse
580 2718 655 2758 notat
672 2711 765 2761 Bruns.
783 2711 860 2758 Nemo
871 2712 952 2760 irretiris
961 2727 1069 2775 prorsum
1080 2715 1159 2765 Bent.

58 2780 121 2840 Bip.
130 2777 274 2826 Boin-53
286 2776 361 2825 Muta
374 2788 539 2838 personarum
550 2775 641 2833 vicem,
650 2782 679 2822 et
690 2775 762 2836 prins
771 2774 804 2821 du
814 2775 1075 2838 Chaereae,posterirrs
1083 2779 1160 2828 Phre-

60 2842 141 2903 driae3
153 2842 208 2906 qni,
221 2840 360 2890 ut'l'iruidis
373 2846 481 2900 amator,
492 2840 523 2888 ad
534 2852 689 2888 consensum
698 2838 796 2886 tardior
804 2852 858 2885 esse
869 2839 957 2888 debet.
975 2843 1074 2903 ,Neque
1082 2844 1160 2891 aliter

58 2907 191 2956 Donatus.
206 2905 280 2954 Beut.
312 2903 449 2953 Accedunt
458 2905 535 2955 Both.
548 2903 620 2951 Perl.
637 2904 690 2967 Ego
700 2902 798 2951 omittit
808 2903 968 2967 Delma-54
985 2901 1028 2952 Ab
1040 2906 1158 2955 omnibns

57 2971 196 3021 nostriset
210 2968 279 3019 Edd.
297 2976 362 3018 vett.
378 2969 454 3017 abest
468 2969 519 3017 troc.
553 2970 652 3017 Recte:
673 2974 701 3017 et
720 2968 757 3016 sic
769 2967 929 3017 citationum
943 2969 1047 3017 Servius
1060 2969 1092 3017 ad
1103 2971 1159 3020 AEn.

59 3049 101 3086 x1.
125 3039 184 3084 ³52.
205 3035 281 3083 Bent.
314 3034 424 3083 Omittit
435 3044 463 3082 et
475 3034 583 3082 liu—55
604 3032 636 3081 In
653 3033 704 3080 Ms.
726 3033 796 3096 Lips.
814 3033 849 3093 νῷ
868 3033 933 3082 mico
945 3033 1159 3098 suprascriptum,

57 3115 135 3149 uersa
168 3098 302 3150 Quomodo
312 3105 340 3147 et
352 3099 445 3148 Cicero
458 3097 560 3146 videtur
570 3097 674 3159 legisse,
688 3098 763 3145 Tusc.
777 3097 879 3147 Quaest.
891 3111 911 3149 r.
924 3104 948 3147 6.
981 3100 989 3127 ‘
1002 3099 1071 3148 Num
1084 3100 1158 3162 illud,

57 3163 127 3242 qnod
138 3162 258 3227 Sisyphn’
269 3170 357 3212 versat
373 3163 469 3212 Saxum
479 3162 574 3238 sudans
582 3162 701 3221 nitendo,
711 3176 793 3237 neque
804 3160 906 3237 proficit
916 3163 996 3212 hilum
1006 3162 1024 3211 ?'
1055 3163 1087 3212 In
1101 3165 1157 3214 ΕΡ.

57 3225 1160 3361 tiutttftttilttittrt'ttuutitltitutatit‘ttuttttd

57 3357 130 3406 unde
142 3357 232 3407 venit?
265 3357 325 3405 Pet.
336 3369 410 3412 oeric,
423 3357 505 3404 ceteri
516 3356 590 3403 volvo.
624 3355 746 3404 Praetulit
757 3354 821 3403 illud
833 3353 946 3406 fortasse
958 3358 1024 3420 quis,
1039 3371 1072 3406 ex
1083 3359 1157 3407 Cice·

57 3436 121 3470 rone
132 3423 211 3471 Tusc.
220 3435 240 3470 1.
250 3424 276 3469 4.
299 3420 380 3471 Quasi
393 3434 442 3468 non
453 3434 469 3468 a
479 3419 586 3482 Virgilio
594 3419 677 3481 major
686 3419 837 3483 auctoritas,
847 3421 905 3470 AEn.
918 3434 956 3470 vr.
966 3425 1024 3470 616.
1046 3423 1158 3472 ‘Saxum

57 3487 150 3549 ingens
163 3487 271 3549 volvunt
282 3486 334 3546 alii,
343 3483 454 3533 radiisve
466 3490 579 3531 rotarum
589 3482 718 3532 Destricti
729 3483 863 3547 pendent!
873 3487 946 3534 Beni.
967 3486 1079 3536 Quidam
1092 3488 1158 3538 Mss.

56 3549 417 3664 cratisnum·
437 3548 495 3660 u.
1208 3559 1218 3583 ·

55 3679 217 3737 etbiierrdum
227 3677 413 3740 wbispraebebc.
447 3676 499 3724 Sed
518 3677 551 3736 τῷ
566 3675 690 3724 bibendum
701 3678 915 3740 suprascriptum,
931 3678 1089 3726 deridendum.
1123 3679 1158 3726 Et

56 3743 163 3801 Fabrini
175 3742 270 3805 edidit,
285 3743 414 3794 bibendum.
431 3741 487 3789 ΕΡ.
506 3740 857 3803 deridendumcobispraeieio.
892 3745 927 3791 Et
945 3741 974 3789 ri
993 3741 1102 3804 praebebo
1122 3757 1155 3791 ex

558 3869 666 3921 NOTAE

88 3974 122 4020 st
139 3966 257 4032 Propino]
284 3966 392 4016 Graecus
416 3967 442 4016 iu
464 3967 589 4017 conviviis
629 3967 1157 4036 propinantosautemsnliiatnrnpoculum

56 4060 110 4095 mos
128 4044 190 4108 fnit,
211 4043 388 4107 praegustandi
399 4043 498 4106 vinum,
506 4045 589 4108 prius·
628 4043 802 4108 ostentabant,
829 4043 988 4096 nominantes
1015 4047 1057 4098 cni
1084 4055 1157 4098 erant

58 4135 134 4184 quarn
165 4120 287 4184 poculum
320 4119 395 4169 alteri
423 4120 587 4170 traderetur:
628 4118 690 4169 itlnd
702 4118 830 4171 tradituri.
1094 4132 1096 4136 ’

58 4194 125 4248 nude
137 4193 256 4263 προπίνων
266 4202 293 4246 et
305 4194 443 4260 propinare
453 4195 590 4258 dicuntum
