2678 4694
195 296 262 361 uit
343 268 351 283 ⁸
570 304 601 353 r.
626 301 809 352 uuuuuuu
835 300 926 351 seur

199 453 303 517 Pure.
329 447 440 512 Volet:
462 445 518 509 hic
533 451 587 509 est
600 463 609 511 ι
632 444 692 508 sed
706 443 804 508 setin'
820 442 934 507 omniu
948 460 993 504 ox
1009 442 1210 505 sententiat
1259 438 1299 505 ii

200 554 271 618 Du.
294 549 424 615 Vellem
453 546 601 631 quidem.
646 545 749 612 Pus.
773 543 868 623 Quid
894 544 1007 607 istuct
1055 543 1129 606 Du.
1153 542 1294 626 Rogim,

329 648 511 715 Phaedrio'l
1336 670 1338 679 ·

199 753 326 829 Bonas,
337 770 390 814 me
406 751 557 826 absente,
571 748 626 813 hic
642 748 837 813 confecistis
850 746 1004 829 nuptias!

200 853 305 921 Pus.
328 852 412 928 Eho,
437 870 479 915 an
502 849 539 914 id
563 869 745 915 succenses
768 869 855 914 nuuc
875 849 951 923 illi‘i
996 845 1069 911 Gn.
1091 846 1125 910 Ο
1144 847 1295 914 artificem

331 952 492 1036 probum!
1336 1008 1338 1023 ,

201 1057 272 1120 Du.
294 1055 409 1139 Egone
423 1052 550 1116 illinon
565 1052 812 1115 succenseumi
834 1051 947 1132 ipsum
963 1048 1074 1130 gestio
1260 1051 1297 1115 ui
1335 1028 1338 1087 ⁴

202 1158 287 1221 Dari
302 1156 382 1220 mihi
397 1156 679 1237 inconspectum,
702 1172 788 1217 nuuc
803 1170 865 1215 suu
880 1151 978 1233 culpu
992 1155 1031 1214 ut
1045 1152 1137 1221 sciat

202 1257 329 1322 Lenem
344 1260 473 1339 putrem
487 1254 582 1318 illum
599 1253 727 1319 suctum
743 1272 797 1316 me
812 1271 887 1317 esse
902 1251 1115 1316 acerrimum.

201 1358 307 1423 ΡΜ..
329 1356 434 1440 Atqui
449 1355 532 1418 nihil
547 1354 638 1433 fecit,
653 1359 781 1437 patrue,
795 1353 887 1437 quod
901 1370 1120 1416 succenseas.

202 1459 273 1525 Du.
295 1457 384 1523 Ecce
399 1459 511 1520 nutem
527 1455 650 1520 similia
664 1455 800 1535 omnie3
823 1471 939 1517 omues
953 1461 1168 1536 congruunt3

200 1689 287 1752 sponde
297 1688 356 1737 milo
368 1687 527 1750 quodquam.
560 1685 618 1736 Pu.
635 1685 704 1736 Beue
719 1686 796 1735 uolet:
814 1682 852 1732 tic
867 1687 914 1733 est.
945 1680 994 1733 Sed
1008 1684 1104 1734 satisne
1121 1686 1208 1741 oseem.
1221 1691 1246 1735 rt
1258 1684 1294 1744 uis,

201 1755 248 1803 stit
259 1756 401 1801 mermi?
433 1750 485 1798 Dr.
507 1750 595 1800 Vellem
610 1756 682 1799 certe.
714 1749 769 1798 ΡΗ.
787 1747 853 1802 Quid
871 1746 929 1796 mati
942 1747 1066 1810 contigit?
1100 1751 1161 1801 Du.
1178 1750 1293 1808 wne,

203 1812 337 1866 Praestat
352 1814 462 1874 egregius
470 1828 524 1862 uere
534 1813 573 1861 bic
583 1813 679 1875 septies
692 1811 861 1862 celebreristis.
893 1810 949 1860 Pu.
967 1810 1032 1874 Euo,
1043 1827 1076 1863 ee
1088 1828 1119 1864 ee
1130 1816 1161 1864 de
1170 1829 1237 1865 ceusu
1245 1826 1292 1862 nus

201 1880 311 1928 interes
321 1878 375 1926 illi?
392 1877 442 1925 (ite
455 1877 478 1924 0
486 1877 595 1924 solertem
604 1874 739 1939 edificem!
756 1877 809 1925 Du.
821 1876 904 1936 &nee
912 1875 950 1924 illi
960 1890 1007 1924 noe
1017 1877 1064 1925 eius
1073 1878 1172 1929 irater?
1185 1879 1292 1941 ipsuu-

202 1944 321 1993 beuoeuter
331 1940 398 2001 cupio
408 1940 462 1988 sisti
471 1954 550 1987 corum
561 1953 606 1995 me,
616 1945 642 1988 ut
656 1942 780 2001 cognuscat
789 1953 826 1988 me
836 1937 892 2002 ipsi,
902 1953 933 1988 ex
943 1939 984 1987 tue
994 1945 1068 1989 quien
1086 1944 1203 1992 clesseteie
1217 1946 1240 1990 et
1252 1937 1292 1989 ἀπ’

200 2011 280 2069 petre,
289 2010 404 2053 mutatum
414 2018 462 2054 esse
472 2018 533 2052 succ
549 2018 591 2052 suo
602 2004 685 2052 merito
694 2004 721 2051 in
731 2004 893 2066 mperriusees.
927 2002 982 2051 Pis.
1002 2002 1170 2056 Veruntamen
1179 2002 1292 2065 nihilfecit,

201 2072 263 2133 quud
273 2071 305 2119 od
314 2070 376 2118 irum
385 2074 410 2118 te
421 2082 548 2131 prouocare
564 2066 655 2118 debeat.
688 2067 742 2118 Dr.
759 2068 820 2116 licre
829 2081 900 2130 queue
910 2065 999 2116 similes
1008 2082 1091 2118 cosses
1101 2070 1245 2120 metuite
1252 2068 1306 2118 Μ’

667 2224 817 2248 OOOOOOOO
817 2226 846 2246 Ν

203 2339 273 2389 bunc
282 2341 366 2390 iocum
376 2343 554 2406 euthycius,
566 2343 656 2393 delens
666 2344 695 2393 sb
707 2346 772 2395 Hoc.
802 2343 897 2408 Neque
908 2343 1054 2394 sudientlus
1065 2344 1200 2404 Donstus,
1209 2340 1292 2393 fiune

204 2411 279 2453 certe
289 2405 459 2454 distinctione
472 2408 634 2469 pronuntiari
646 2410 751 2468 dicens3
763 2410 836 2473 quusi
847 2422 899 2456 nou
911 2407 1021 2464 referet,
1034 2409 1156 2471 lemene,
1169 2407 1291 2458 Crudeles:

203 2470 316 2528 responde
325 2468 403 2526 mibi5
421 2484 463 2530 sn,
476 2472 569 2525 Credo.-
586 2470 749 2534 bocrespoede
758 2472 825 2521 milti.
852 2472 886 2522 G.
905 2473 1032 2534 Responde
1042 2473 1088 2522 ltee
1099 2474 1169 2522 mibi.
1185 2472 1291 2521 quen

204 2531 301 2580 Solum
311 2533 398 2581 uenire.
416 2535 462 2582 Fe.
498 2535 586 2583 Nostri
598 2550 687 2585 omnes
700 2538 825 2592 westrer
841 2535 897 2596 sed,
910 2550 957 2598 pro
966 2536 1010 2584 boe
1024 2540 1145 2600 responde
1155 2537 1222 2598 eiiii,
1230 2531 1292 2583 nuti

205 2595 323 2658 plerique
339 2599 510 2659 respondebor
522 2599 591 2648 mibi.
623 2600 717 2662 Recte,
732 2607 762 2649 ut
772 2601 815 2649 loe
834 2606 951 2661 acuetur.
984 2600 1130 2649 Donatus:
1147 2601 1254 2650 ‘Solvet
1265 2595 1294 2646 ssi

204 2658 245 2708 eti
262 2665 299 2708 est
318 2661 441 2722 Aetipiol
465 2663 538 2710 Bene
557 2665 686 2723 expressit
708 2671 837 2725 promtum
855 2663 968 2713 animum
987 2663 1022 2712 ed
1041 2664 1212 2728 litigandum,
1225 2661 1293 2724 septi!

203 2722 295 2772 additu
305 2725 397 2785 solute,
408 2732 435 2774 et
450 2727 558 2788 protinus
569 2727 601 2774 ed
609 2726 724 2790 jurgium
742 2727 942 2788 prevertendo.'
974 2727 1027 2776 Ubi
1039 2735 1134 2777 tumen
1147 2729 1224 2791 vulgo
1234 2725 1294 2776 lube

206 2792 250 2835 tur
258 2789 385 2849 pertimet
395 2789 482 2848 potins.
517 2791 541 2838 0
555 2790 647 2838 bonurn
664 2791 816 2853 scriptorem
831 2792 932 2840 amalis
948 2790 1077 2841 Librariis
1094 2793 1238 2842 toedtsstme
1252 2802 1293 2853 per

204 2850 253 2899 sim
265 2855 416 2914 acceptum!
436 2854 508 2902 Bent.
543 2853 608 2902 GM.
621 2855 687 2905 Solu.
706 2857 794 2904 tendo.
804 2857 905 2914 gaudeo.
938 2853 990 2902 Sed
1008 2854 1044 2903 id.
1059 2859 1159 2915 gendes
1174 2857 1200 2904 io
1211 2857 1294 2919 Rupit

224 2915 291 2964 losse
301 2923 384 2966 extet.
418 2917 451 2966 Te
461 2918 553 2968 enesim
564 2917 655 2968 Guelf.
667 2923 691 2968 2.
710 2920 775 2968 Peri.
807 2917 874 2967 Sole.
890 2923 915 2968 te
925 2918 1079 2969 aduenire-et
1089 2922 1206 2984 nspoede
1215 2921 1253 2968 lus
1261 2918 1293 2966 lin

230 2980 295 3028 enire
312 2981 370 3043 Bip.
393 2976 536 3031 Boiu-er
553 2984 627 3031 Bous
644 2983 767 3031 librorum
788 2996 848 3044 pers
869 2982 900 3037 Q.
919 2983 938 3031 i.
956 2979 1012 3031 est
1029 2984 1119 3034 West.
1155 2986 1222 3040 Quid
1239 2976 1293 3039 us]

204 3041 282 3092 Adde
293 3045 400 3093 verbum
420 3050 499 3094 estex
510 3060 535 3094 o.
547 3047 564 3095 l.
575 3061 596 3096 s.
609 3054 636 3096 et
655 3047 774 3107 Donut03
791 3052 819 3094 et
833 3047 860 3094 iu
879 3045 1042 3094 dimetiendo
1053 3062 1135 3097 versu
1145 3051 1163 3096 d
1174 3048 1255 3097 elide.
1263 3045 1294 3092 rs

206 3106 299 3157 Nostri
310 3113 346 3158 est
362 3109 468 3157 addunt.
487 3110 560 3160 Beni.
595 3110 625 3165 Q.
636 3112 654 3159 i.
666 3116 700 3160 est
712 3112 743 3161 R.
755 3119 784 3160 et
795 3116 859 3159 vett.
876 3109 953 3158 codd.
969 3110 1044 3161 Line.
1082 3113 1133 3161 Est
1150 3110 1294 3161 aedilred

206 3170 323 3232 Equidem
335 3173 380 3220 det
391 3187 438 3234 pro
449 3174 542 3236 quidem
553 3175 691 3224 Peri-28
707 3176 798 3234 Bonos,
805 3189 842 3222 me
853 3173 946 3222 absente
953 3174 1018 3235 leisc,
1029 3176 1173 3235 confecistis
1183 3176 1221 3238 su]
1236 3173 1294 3232 Vult·

204 3232 253 3292 bis,
264 3236 347 3283 miuus
359 3250 392 3284 ex
404 3251 451 3284 usu
463 3237 562 3286 Nostri.
578 3238 720 3287 Burin-20
737 3241 777 3288 Ae
785 3245 813 3287 te
824 3239 850 3287 id
861 3238 964 3301 quidum
977 3239 1054 3287 codd.
1072 3241 1150 3290 West.
1171 3241 1295 3289 Propone

207 3299 235 3347 lu
247 3310 294 3344 uec
314 3298 393 3346 hebet
411 3301 485 3346 Bem.
504 3302 552 3348 uec
564 3301 695 3362 Dooutns3
712 3315 761 3350 nec
773 3303 856 3367 exigit
867 3315 965 3351 uersus.
985 3301 1031 3350 Fu.
1067 3303 1159 3359 Deest
1175 3311 1203 3353 te
1221 3305 1244 3352 iu
1261 3311 1296 3349 uit

206 3376 239 3412 ex
251 3359 349 3420 Regiis.
366 3362 439 3410 Beut.
475 3362 574 3410 lieston
595 3366 659 3413 sutis
670 3366 791 3415 blandum
810 3369 834 3416 li.
848 3367 864 3415 l.
877 3366 920 3415 stt.
937 3365 997 3427 Rip.
1031 3362 1295 3418 disserentem·

204 3444 244 3478 m
259 3424 297 3473 ilii
312 3425 357 3473 Br.
377 3425 400 3472 0
415 3425 513 3474 omittit
532 3427 691 3490 θύρη-30
707 3429 738 3478 In
756 3431 812 3479 eliis
833 3429 904 3479 libris
925 3437 975 3485 est,
992 3428 1032 3477 illi
1044 3439 1218 3482 moerorem
1232 3431 1295 3479 vot.

206 3495 290 3554 Egone
300 3489 348 3552 illi]
364 3489 396 3538 In
407 3490 499 3539 eodem
511 3491 578 3541 libro
589 3499 617 3541 et
627 3494 689 3542 Bus.
699 3501 749 3552 est,
761 3495 832 3556 Egon
839 3510 850 3552 ,·
865 3493 933 3557 qnod
945 3493 1019 3556 parvi
1030 3493 1128 3546 refert.
1147 3498 1195 3546 Fe.
1226 3490 1294 3546 Nostri

205 3559 299 3618 Egone.
326 3555 403 3603 Bent.
438 3556 508 3616 Egon
520 3557 564 3606 Br.
582 3557 660 3607 Bent.
672 3564 699 3606 et
710 3562 871 3614 sexennem
887 3572 937 3619 quo
958 3556 1035 3606 nodo
1046 3560 1174 3610 scribunt
1184 3574 1257 3609 versu
1267 3558 1294 3606 2⁹·

205 3631 235 3671 et
246 3618 384 3670 infru—³1
403 3619 457 3681 Me]
475 3618 557 3670 Abest
567 3622 622 3669 berc
633 3636 683 3670 vox
695 3637 710 3670 e
721 3622 874 3685 quibusdem
887 3622 951 3670 Mss.
962 3628 989 3669 et
1000 3621 1085 3671 editis
1096 3633 1160 3686 post
1169 3626 1224 3674 EP.
1242 3623 1296 3670 Wesi·

206 3687 321 3736 Verbum
332 3684 386 3732 dori
397 3686 511 3733 exBetn.
524 3692 551 3733 et
562 3685 691 3748 aliquibus
703 3686 759 3733 eliis
767 3687 830 3735 libb.
842 3701 892 3734 non
903 3687 962 3734 buis
973 3685 1073 3746 versui,
1086 3687 1140 3750 [sc.
1152 3702 1191 3738 vs.
1199 3687 1250 3750 ib]
1263 3680 1294 3734 sel

206 3748 372 3812 subsequenti
384 3747 552 3809 applicemus.
570 3749 616 3797 Fu.
649 3750 805 3799 concinnius
816 3752 886 3812 legas
901 3764 963 3798 urus
973 3764 1017 3798 seu
1028 3755 1056 3798 et
1067 3754 1142 3814 culpo
1151 3755 1222 3802 sciet.
1237 3752 1295 3800 lieni·

207 3815 273 3863 Duri
284 3814 310 3861 in
319 3811 409 3875 consp]
427 3813 512 3874 Vulgo
524 3813 547 3859 li.
559 3811 577 3861 l.
589 3814 711 3862 inseritur
727 3815 801 3862 milti:
818 3828 869 3877 quo
880 3821 989 3862 metrum
1001 3814 1178 3866 interficitur.
1211 3819 1244 3866 lit
1253 3811 1295 3876 quit

206 3879 318 3937 glossam
338 3876 485 3925 desideret?
502 3876 559 3938 Bip.
593 3876 625 3925 Itl
643 3877 714 3926 delet
731 3886 760 3928 et
769 3880 913 3927 Boin—³2
932 3877 1063 3926 Abestme
1075 3894 1093 3927 e
1104 3880 1232 3930 (incliti.
1246 3874 1294 3928 rel

207 3941 260 4001 Illi]
277 3943 354 4004 Vulg.
366 3941 442 4000 illum,
452 3939 599 4000 eumdum.
618 3942 689 3992 Boiu.
724 3943 766 3991 Me
775 3942 872 3990 omittit
887 3949 915 3991 et
927 3943 1039 3991 ise-es
1059 3944 1130 3998 Quid
1141 3946 1186 3995 iile
1194 3944 1295 4004 ΜΨ

208 4004 271 4064 true]
287 4006 362 4068 vulg.
380 4006 455 4067 Atqui
465 4003 583 4063 eilsecit:
600 4006 646 4053 sed
663 4008 707 4064 uit,
719 4007 740 4054 si
758 4005 894 4066 genitiunm
912 4014 992 4068 esset,
1006 4006 1092 4055 totius
1107 4010 1296 4068 sententium

208 4068 312 4115 sissima
331 4083 379 4116 vox
398 4077 427 4117 nt
445 4071 470 4117 in
488 4069 552 4117 tliesi
570 4069 676 4130 lateret,
688 4077 715 4118 et
731 4071 868 4119 leviculum
888 4070 965 4131 Atqui
982 4078 1012 4117 ut
1031 4073 1172 4136 precipuo
1192 4069 1296 4136 gessere

208 4132 334 4181 scceutui
343 4133 483 4182 Ruti-til
497 4133 593 4196 Omnis,
605 4133 884 4195 consenescens.
897 4134 964 4184 Peri.
984 4135 1028 4184 Ec.
1045 4133 1296 4188 manutenueritis
