2678 4694
183 289 270 355 lou-2
455 344 458 349 Α
558 304 588 349 r.
611 302 793 351 runnnrn
820 301 906 350 nrm

187 449 256 514 Du.
279 445 372 523 Quid
387 446 484 528 igitur
499 444 580 509 freti
626 444 746 508 Prion.
770 445 808 508 Si
825 446 877 509 vis
892 445 972 510 mihi
987 465 1133 512 uxorem
1148 446 1234 523 dure,

187 552 301 628 Quum
316 546 539 629 despondisti,
551 546 692 610 ducam:
712 545 770 610 'siu
785 554 850 624 est,
864 554 904 611 ut
917 548 1005 613 velis

188 653 324 716 Munere
340 649 431 711 illam
446 646 539 731 apud
554 658 599 725 te,
613 647 676 711 dos
689 647 745 712 hic
761 654 906 725 maneat,
922 648 1108 734 Demipho.

189 751 222 816 N
224 771 278 815 nm
290 757 421 814 nonest
437 769 580 831 oequom,
596 769 651 813 me
665 755 800 833 propter
815 768 878 813 vos
894 749 1017 833 decipi,

187 851 272 915 Cum
287 870 349 933 ego
367 851 468 913 vostri
482 850 616 914 honoris
630 869 733 914 causa
746 850 919 932 repudium
935 851 1050 917 alterne
1245 851 1282 915 ³5

187 953 401 1028 Remiserim,
419 970 496 1033 quse
511 952 601 1016 dotis
612 949 804 1015 tantundem
819 949 936 1015 dabat.

188 1054 259 1118 Du.
283 1053 300 1116 Ι
317 1053 350 1116 in
365 1053 483 1116 melam
500 1073 566 1115 rem
581 1053 658 1116 hino
671 1072 747 1116 cum
758 1052 841 1116 istac
855 1053 1123 1135 magnificentie,

190 1154 361 1233 Fugitive!
383 1154 484 1216 etiem
500 1173 586 1217 nunc
601 1153 721 1229 credis,
737 1160 769 1217 te
783 1153 972 1232 ignoraricr,
1008 1206 1012 1212 .
1054 1224 1059 1234 ,
1102 1208 1106 1213 ,

187 1255 261 1320 Ant
275 1263 334 1318 tna
347 1254 437 1319 sacta
458 1254 568 1318 adnot
616 1254 736 1318 Prion.
761 1253 885 1318 Irritor.
931 1256 1001 1319 De.
1023 1253 1116 1320 Tun'
1131 1256 1217 1320 hanc
1230 1255 1281 1317 du·

318 1376 426 1432 ccrcS,

190 1461 226 1523 Si
243 1459 304 1522 tibi
316 1460 392 1522 data
404 1460 517 1534 essetl
549 1460 670 1522 Prion.
687 1459 757 1522 Fac
771 1459 966 1542 periculum.
991 1459 1064 1523 Du.
1082 1460 1131 1525 Ut
1146 1460 1235 1549 filius
1248 1458 1283 1521 40

190 1560 273 1622 Cum
290 1559 350 1621 illa
363 1560 489 1622 habitet
506 1560 598 1641 upud
615 1568 670 1638 te;
693 1559 758 1624 hoc
776 1564 923 1625 vostrum
938 1561 1123 1626 consilinm
1136 1562 1210 1624 fnit.

190 1661 311 1724 Prion⁴
337 1659 477 1738 Quaeso,
492 1662 572 1743 qnid
587 1662 728 1726 narrnsl
774 1662 842 1725 Du.
858 1660 951 1738 Quin
965 1671 1004 1725 tu
1019 1663 1105 1726 mihi
1120 1668 1283 1744 argentum

362 1763 414 1824 d.

191 1783 442 1926 Filomcimino
460 1881 539 1924 vero
555 1882 692 1926 uxorem
709 1869 744 1926 tu
761 1863 856 1927 cedo.
900 1862 971 1925 Du.
997 1863 1037 1926 In
1049 1863 1112 1945 jus
1128 1865 1268 1928 ambula.

191 2027 242 2074 De.
261 2026 326 2080 Quid
345 2026 421 2085 igilur
438 2025 481 2073 line
499 2040 524 2073 re
535 2026 599 2090 fiet?
634 2028 686 2076 Per.
703 2027 732 2075 Si
748 2029 783 2076 nis
798 2043 895 2077 uxorem
910 2026 970 2077 milri
980 2029 1052 2088 dere,
1064 2044 1137 2091 pedm
1147 2029 1288 2093 spopondisti,

189 2106 240 2139 enm
250 2093 341 2148 deren,
352 2092 392 2137 red
402 2089 423 2136 si
434 2092 520 2138 statuis
531 2096 557 2139 ut
565 2105 650 2153 sponsu
660 2091 702 2141 illd
712 2093 773 2155 opud
783 2096 807 2139 te
818 2097 920 2149 manent,
936 2093 979 2140 dos
998 2092 1043 2140 illu
1055 2094 1165 2154 triginta
1175 2095 1289 2154 namn,

190 2170 261 2218 quom
270 2169 312 2216 pro
322 2156 363 2200 illu
374 2154 432 2200 initii
441 2154 547 2216 dedistis,
558 2157 622 2217 apud
631 2170 668 2204 me
678 2156 791 2215 monebit,
802 2157 927 2217 Demipho.
961 2157 1027 2204 ΝΜ
1037 2157 1152 2220 iniquum
1163 2164 1201 2207 ert
1206 2162 1290 2220 prepter

190 2234 231 2266 ros
242 2235 277 2265 me
291 2219 402 2265 demum
416 2218 487 2278 pnti,·
504 2225 526 2266 et
539 2219 613 2267 cestre*
629 2221 725 2268 toneris
735 2234 806 2268 runca
818 2220 877 2267 milri
882 2219 996 2278 fraudent
1007 2235 1070 2281 cese,
1081 2223 1106 2270 si
1115 2224 1223 2271 aunan
1232 2236 1289 2282 repr·

189 2285 313 2340 directim,
323 2296 374 2342 quc
386 2282 585 2331 tnntidemdotem
594 2284 653 2331 midi
661 2284 784 2346 efferetur.
821 2284 875 2332 De.
894 2285 941 2332 Ali
951 2285 978 2332 in
988 2285 1079 2333 mulum
1089 2299 1186 2335 murem
1193 2287 1290 2335 enslin

190 2346 366 2410 magnificentia
375 2344 497 2392 sertorum
506 2360 552 2407 qun
567 2348 606 2394 uis
621 2353 701 2396 nmtro
711 2346 795 2395 honori
811 2347 1094 2410 emulsisoe‚sngrrise.·
1109 2351 1216 2399 etimne
1225 2349 1291 2398 mdis

190 2424 233 2457 rsus
251 2411 324 2456 intere
344 2408 385 2469 qui
402 2408 446 2467 sis,
464 2414 486 2455 rt
504 2424 557 2471 qm
565 2412 648 2471 fucere
663 2410 823 2460 romense?
855 2412 908 2459 Pu.
926 2411 1024 2474 Riugor
1033 2412 1215 2474 indignatione.
1244 2415 1290 2462 Dr.

191 2475 326 2521 Auderem
347 2487 398 2519 eum
415 2487 511 2520 uxorem
534 2475 627 2535 ducere,
644 2474 666 2522 si
682 2474 727 2522 siti
751 2472 904 2524 nudamur?
937 2476 993 2525 ΡΗ.
1009 2477 1144 2538 Experire.
1179 2478 1229 2526 ΒΕ.
1245 2477 1290 2525 Hor

189 2539 265 2585 solum
274 2540 411 2584 conuenerat
420 2536 485 2584 inter
494 2552 543 2594 vos,
557 2541 585 2586 nt
595 2539 621 2587 in
631 2538 681 2586 tuis
689 2537 850 2603 aedirmfin'us
859 2551 924 2586 meres
934 2539 1025 2588 habitet
1036 2555 1093 2588 eum
1102 2542 1159 2602 illu,
1174 2557 1221 2590 sorr
1228 2545 1253 2589 rrt
1262 2540 1290 2601 ip

190 2615 241 2649 rum
260 2615 303 2663 pro
318 2614 391 2648 uxore
402 2600 504 2648 iuberes.
538 2602 591 2650 ΡΗ.
610 2603 707 2663 Quoeso,
722 2602 775 2651 ride
792 2615 862 2665 quern
878 2601 953 2650 stulte
963 2617 1089 2654 memoras.
1124 2607 1181 2654 De.
1200 2606 1259 2661 Quin
1268 2609 1290 2650 tr

189 2669 315 2726 argentum
325 2663 383 2712 milri
393 2666 472 2715 redde.
500 2664 554 2713 Prr.
570 2667 645 2714 Immo
656 2681 711 2714 erro
721 2671 748 2715 tu
757 2667 829 2715 redde
836 2679 942 2714 uxorem.
966 2667 1018 2714 De.
1035 2667 1070 2716 In
1075 2668 1121 2728 jue
1132 2675 1157 2719 te
1167 2685 1231 2720 noro.
1245 2668 1289 2717 Pu.

190 2905 307 2967 rescripsi.
340 2903 476 2955 Quomodo
494 2902 551 2951 fere
569 2903 723 2953 crediderim
740 2902 821 2951 fnisse
839 2902 965 2964 scriptum
986 2918 1001 2951 a
1018 2905 1161 2955 Terentio.
1193 2909 1228 2956 Et
1238 2919 1287 2954 rnre

192 2968 380 3031 eppaerrdrrepor
394 2967 454 3026 erit,
466 2968 486 3016 si
500 2968 690 3030 Demiphonem
706 2968 801 3017 dixisse
813 2972 923 3028 statues,
936 2967 1077 3027 Argentum
1085 2973 1186 3020 rumen
1196 2971 1250 3032 jude
1257 2983 1286 3018 re·

98 3070 102 3074 -
190 3034 263 3082 rcritn'
271 3048 280 3089 ,·
297 3033 478 3080 Phormionem
490 3045 559 3084 vero.
569 3033 667 3087 Quodne
677 3047 722 3092 ego
733 3028 863 3093 rescripsi?
889 3029 980 3081 Omnis
993 3031 1077 3092 igitur
1087 3035 1128 3082 vis
1139 3036 1288 3085 estinitere·

193 3100 264 3145 tione
282 3097 327 3144 τοῦ
343 3096 476 3158 Rescripri.
508 3095 533 3144 J.
546 3096 588 3145 Fr.
602 3096 749 3144 Gronovius
765 3096 829 3156 legit
841 3093 973 3156 Descripsi,
990 3095 1023 3142 ed
1045 3094 1105 3148 cte.
1125 3101 1200 3150 Fam.
1212 3112 1257 3147 ιιι.
1268 3100 1287 3143 l.
1306 3128 1309 3132 -

192 3162 335 3209 ‘Pecuniae
345 3160 462 3207 maxime
475 3158 673 3208 describuntur:
705 3159 931 3219 Boeuerrodego
941 3171 971 3206 ne
980 3162 1124 3224 perscripsi.
1160 3164 1203 3212 Fr.
1214 3160 1288 3212 Febri-

194 3225 249 3272 cius
261 3224 344 3271 minus
355 3222 472 3284 apposite
484 3223 549 3272 citat
561 3222 628 3271 And.
640 3236 678 3270 rr.
689 3225 713 3270 d.
724 3226 765 3271 29.
784 3223 918 3273 ‘Quemne
938 3234 988 3284 ego
1005 3222 1066 3271 lieri
1086 3225 1143 3273 vidi
1155 3227 1188 3274 nd
1202 3241 1242 3274 vos
1252 3222 1288 3273 nd·

193 3285 255 3335 terri
268 3287 393 3346 vesperi?
414 3287 490 3334 West.
507 3286 550 3348 qni
570 3287 680 3347 discripsi
691 3285 784 3344 edidit,
795 3292 823 3334 et
834 3286 872 3334 sic
883 3285 943 3346 Bip.
963 3285 1043 3335 Botlr.
1057 3288 1136 3339 Perl.
1172 3291 1205 3341 0.
1215 3288 1265 3338 fere
1274 3288 1289 3335 l.

193 3365 212 3399 s.
224 3349 351 3410 descripsi:
368 3349 441 3395 Rem.
452 3348 578 3409 discripsi.-
594 3355 621 3396 et
634 3350 670 3399 itu
679 3349 757 3396 etiem
769 3349 873 3398 videtur
883 3349 976 3410 legisse
984 3350 1119 3400 Donatus.
1131 3355 1179 3404 Fu.
1213 3352 1288 3403 Nostri
1306 3366 1309 3373 ⁴

194 3428 282 3464 omues
297 3411 431 3475 perscripsi.
449 3413 593 3461 Bene-dd
611 3413 662 3461 Ms.
673 3413 742 3475 Lips.
754 3413 821 3461 Bod.
831 3413 864 3462 G.
876 3411 969 3461 Boend.
983 3414 1040 3464 ΕΡ.
1054 3417 1088 3464 V.
1099 3417 1134 3467 C.
1146 3418 1215 3482 epud
1226 3414 1289 3467 lind.

194 3481 276 3529 Zeun.
290 3479 335 3526 Br.
347 3477 385 3525 liic
395 3476 471 3525 omnis
480 3481 646 3526 manent-35
658 3477 697 3525 M.
707 3477 799 3524 Boend.
811 3476 899 3526 Guelf.
908 3481 932 3526 2.
944 3477 1157 3530 Proerertimcenr
1167 3497 1218 3544 ege.
1232 3479 1291 3530 md·

194 3544 228 3593 tis
241 3545 266 3593 in
278 3541 360 3600 libris,
376 3549 402 3589 et
421 3541 491 3589 inter
500 3542 547 3590 lros
559 3541 633 3590 Bern.
646 3549 674 3590 et
685 3541 753 3590 Viet.
766 3541 891 3604 scriplum
903 3547 943 3589 est
952 3541 1056 3593 urere.-
1080 3550 1112 3593 ut
1123 3554 1154 3594 et
1165 3546 1192 3595 iu
1203 3546 1289 3597 Heeut.

194 3608 244 3655 ‘ld
256 3608 312 3670 ipsa
324 3606 415 3654 alterae
427 3604 487 3652 dum
498 3603 605 3654 narret!
628 3605 672 3655 Fu.
715 3604 806 3653 Nostri
817 3605 895 3653 ulteri-
911 3604 990 3654 Bcnt.
1008 3611 1038 3654 et
1059 3607 1099 3656 sic
1118 3609 1168 3658 ‘in
1187 3609 1290 3673 pluribus

142 3725 147 3730 ,
194 3671 285 3720 libris!
304 3671 444 3718 Wert.—ltt
461 3670 598 3718 Meliorem
615 3668 828 3731 compositionem
849 3669 965 3717 continet
986 3668 1064 3720 Bem.
1079 3672 1134 3721 hoc
1153 3673 1228 3722 modo
1243 3673 1259 3720 1
1269 3671 1292 3718 ir

192 3738 338 3784 mulnmrem
349 3734 416 3781 irinc:
434 3740 461 3781 et
473 3733 619 3797 sicquoqne
628 3739 682 3781 stet
691 3745 788 3780 versus.
806 3732 852 3780 Fu.
886 3731 978 3781 Nostri
992 3735 1112 3783 omnes!
1118 3737 1292 3786 dimiserim

193 3815 249 3849 rens
284 3799 353 3846 Puto
369 3796 517 3860 legendnm,
528 3798 558 3844 In
570 3797 624 3844 lrinr
639 3797 726 3845 nulum
740 3809 807 3844 rem:
824 3795 1011 3845 adverbialiter
1021 3797 1066 3845 vel
1078 3798 1213 3851 absolute.
1228 3802 1290 3850 Bnr·

195 3862 488 3925 qnemsequitnrllotlr.
521 3861 538 3909 Ι
545 3861 600 3908 ltine
610 3861 726 3909 inZeuu.
740 3858 858 3908 unum
891 3859 1182 3915 InmulumPerl.-39
1197 3861 1290 3916 Bemri

195 3927 241 3973 rili
250 3929 365 3975 duretur?
381 3924 450 3989 qrrod
462 3925 543 3989 magis
553 3925 686 3982 convenit,
696 3931 724 3973 et
735 3937 792 3972 cnm
803 3925 908 3981 drewes,
920 3929 947 3972 et
959 3937 1017 3972 cum
1036 3939 1070 3974 eo
1080 3929 1169 4040 §¹¹⁰⁶
1180 3930 1292 3998 seqnitur,

193 3988 234 4052 fur
250 3990 392 4050 pericnlum:
411 3990 454 4037 ubi
469 4003 502 4038 ex
520 3988 619 4037 ratione
631 4001 717 4037 versus
736 3988 848 4050 periclum
858 3986 977 4050 legimns.
996 3987 1044 4037 Fa.
1110 3993 1181 4042 ostri
1191 3989 1292 4042 uniuersi

195 4055 252 4100 dnln
263 4059 330 4100 esset.
346 4053 423 4102 Quod
432 4053 538 4116 recipio.
555 4053 691 4101 Bar-so
708 4052 816 4100 Omittit
828 4051 917 4101 Guelf.
928 4055 952 4100 l.
967 4057 995 4100 rrt
1007 4051 1159 4116 filiun-ll
1177 4054 1293 4108 cuelin.

195 4119 322 4164 erut—42
340 4117 403 4165 GM.
414 4119 468 4166 rede
479 4117 655 4180 superscripto
666 4119 704 4165 da.
738 4115 830 4165 Arm.
839 4127 891 4178 pro
903 4116 938 4178 gl.
949 4117 1029 4180 redde,
1040 4118 1068 4170 in
1085 4126 1164 4172 textu
1176 4121 1292 4172 esde-ll
