2678 4694
186 311 273 379 1028
559 324 589 369 r.
612 319 795 369 runnurrr
820 320 910 367 urar

188 470 245 536 Nc
262 471 419 550 cuiquam
439 485 573 530 suorum
589 463 769 548 aequalium
784 464 937 546 supplex·
950 463 1035 528 siet:

189 571 280 636 Nam
296 569 384 633 idern
398 567 461 631 hoo
477 574 658 650 argentum,
673 567 722 629 ita
736 572 775 629 ut
790 565 904 630 datum
920 563 973 641 ’st,
991 565 1154 646 ingratiis

187 671 232 737 Ei
245 670 362 734 datum
377 667 458 733 erit:
481 666 546 732 hoo
563 669 620 751 qui
633 686 766 749 cogam,
787 686 822 730 re
837 665 916 747 ipsa
930 664 1056 746 reperi.

188 770 291 836 Nunc
308 776 419 848 gestus
434 769 526 844 mihi,
541 767 719 850 voltusque
735 773 789 832 est
804 765 998 850 capiundos
1011 783 1139 830 novus.
1254 765 1288 828 50

188 871 256 936 Sed
271 868 349 932 hinc
364 867 547 931 concedam
562 868 598 931 in
611 867 821 951 angiportum
833 867 897 931 hoc
912 860 1130 949 proximum:

189 971 274 1038 Inde
288 970 381 1034 hisce
396 969 568 1032 ostendam
582 988 647 1046 me,
663 969 720 1032 ubi
736 973 830 1031 erunt
843 968 971 1049 egressi
986 968 1094 1033 foras.

190 1072 269 1151 Quo
284 1090 336 1134 me
352 1068 584 1133 assimularam
599 1070 647 1132 ire
662 1069 705 1132 ad
720 1073 913 1144 marcatum,
926 1088 995 1132 non
1009 1088 1067 1135 eo.

187 1232 278 1284 laboret
288 1233 451 1281 demmin
460 1232 560 1294 pecunie
570 1233 601 1281 ab
611 1233 704 1292 dmicu,
712 1238 736 1281 et
751 1233 889 1296 aquariam,
899 1247 952 1281 ram
962 1232 1049 1282 multu
1063 1232 1195 1296 precibus:
1210 1235 1289 1284 md
1319 1245 1323 1251 ’

188 1299 231 1348 λοι
241 1301 365 1357 argeutum
374 1295 404 1342 cd
418 1296 501 1343 inritis
514 1295 609 1344 milae
626 1299 708 1346 datum
725 1303 771 1357 ert,
781 1297 817 1346 itu
828 1297 949 1345 Plraedrioe
958 1299 1044 1349 datum
1055 1299 1116 1347 erit.
1151 1299 1210 1348 Hoc
1218 1313 1290 1360 orger-

188 1368 240 1411 tam
251 1361 510 1420 circummunitam
520 1360 607 1409 iucem.
642 1362 713 1409 Nunc
722 1366 804 1422 gestae
814 1360 926 1422 corporis,
942 1364 967 1408 et
982 1363 1066 1410 radun
1083 1363 1114 1411 de
1129 1378 1192 1411 nono
1212 1376 1290 1426 compo

188 1426 280 1476 mdes
295 1429 331 1472 ert
350 1422 419 1482 miti,
438 1427 508 1485 utque
525 1423 692 1472 imruatardru.
724 1424 773 1472 Sed
790 1424 845 1472 ltine
855 1439 892 1472 me
905 1425 1024 1483 crusnam
1035 1425 1064 1474 ia
1076 1427 1291 1488 angiportamlurc

187 1490 331 1552 proximan,
340 1491 422 1549 postea
432 1486 488 1535 inde
498 1487 561 1536 hirae
572 1488 668 1550 prodibo
682 1488 771 1547 adriae,
780 1487 821 1536 oli
832 1487 931 1536 exibant
941 1489 1019 1549 domo,
1030 1495 1061 1539 ut
1073 1491 1111 1539 eie
1120 1492 1202 1540 ἀίεαπι
1211 1505 1246 1540 me
1254 1504 1290 1539 nor

187 1553 346 1616 pascuarum
355 1565 404 1600 erce
415 1550 525 1614 Sunion,
534 1567 579 1614 quo
587 1566 623 1602 me
632 1552 799 1601 amalonem
808 1553 863 1601 nelle
871 1552 999 1616 orificicci.

651 1685 834 1708 ”enmono

190 1785 257 1833 colun
275 1785 348 1834 Bem.
368 1786 482 1834 datram'et
501 1785 624 1845 ingratiis,
640 1792 670 1833 ut
689 1785 804 1848 postulat
822 1799 919 1834 uerene.
938 1785 1055 1834 Fae-49
1073 1787 1125 1836 His
1143 1790 1227 1838 dutum
1243 1788 1292 1850 crit]

190 1848 325 1898 Quomodo
335 1849 381 1909 lie,
393 1863 450 1895 cunr
464 1849 497 1896 de
509 1849 630 1896 Pnaeurra
640 1851 695 1896 solo
707 1850 740 1898 cit
749 1863 842 1909 sermo,
858 1849 899 1898 cni
912 1848 1053 1897 adimenda
1064 1859 1124 1900 erat
1137 1867 1204 1901 curn
1213 1868 1293 1916 argen-

190 1911 274 1960 taria?
291 1911 379 1972 itaque
392 1925 451 1958 vera
470 1911 549 1958 lectio
566 1912 627 1958 milri
644 1912 758 1974 videtur,
772 1928 847 1976 quarn
861 1912 929 1961 idem
941 1913 1142 1975 antiquissimus
1158 1916 1228 1965 litter
1242 1932 1292 1966 con·

190 1975 266 2030 tinet,
281 1973 304 2021 ei
323 1974 404 2021 dutum
421 1973 485 2021 erit:
502 1974 527 2021 in
539 1975 612 2022 Vict.
623 1983 662 2022 eet
674 1975 720 2036 tis,
738 1975 784 2023 sed
805 1977 829 2024 in
842 1976 936 2025 litura:
953 1983 984 2024 ut
994 1977 1140 2040 conjiciam
1152 1979 1190 2028 ibi
1201 1981 1292 2044 quoqne

189 2038 316 2100 scriptum
329 2038 401 2100 prins
411 2035 491 2086 fuisse
503 2039 534 2087 ei.
552 2039 596 2087 Fa.
631 2039 721 2088 Nostri
735 2040 855 2100 ingratis:
872 2046 899 2089 et
909 2041 1006 2103 aliquot
1018 2041 1125 2090 addunt
1138 2044 1193 2091 Hic
1202 2044 1243 2094 vel
1258 2045 1294 2104 lic,

191 2103 291 2166 aliquot
303 2101 375 2151 nihil.
393 2103 465 2150 Beni.
498 2103 551 2151 Me.
572 2103 642 2164 laipr.
662 2102 698 2150 lie
717 2105 798 2151 dutum
816 2105 872 2154 erit.
891 2103 936 2152 red
955 2105 1185 2168 eupraucriptum,
1203 2109 1291 2156 renibus.

189 2166 315 2228 Plerique
327 2165 411 2214 Codd.
424 2165 566 2215 Hirdutum
576 2167 631 2214 erit.
658 2167 756 2216 Eodem
769 2182 853 2216 semu.
879 2167 1092 2217 Videtnrautem
1104 2184 1197 2219 nermo
1207 2173 1293 2220 decdo

190 2244 247 2279 ecce
257 2229 388 2278 Phaedria.
421 2230 522 2292 Malim,
543 2230 564 2278 ci
583 2245 631 2293 per
649 2232 757 2280 Codices
774 2231 876 2291 liceret,
894 2232 1031 2280 Sicdutum
1042 2234 1101 2281 erit.
1112 2240 1146 2282 ut
1157 2237 1294 2296 sensatur,

190 2294 254 2342 ‘Uri
265 2294 345 2341 semel
357 2292 476 2355 ingratiis
484 2296 572 2342 darum
584 2300 625 2344 est
637 2302 783 2356 argentum,
798 2295 836 2343 cio
848 2309 925 2357 porro
935 2295 996 2351 erit,
1007 2309 1097 2359 neque
1111 2298 1241 2347 reddetur
1249 2313 1295 2348 nn·

190 2357 721 2484 ‘traunturrlrlruutgr·
740 2358 814 2470 uu
830 2357 1295 2490 lizell¹li²⁸zltrss²⁸⁵ffll

189 2482 279 2533 Guelf.
299 2486 323 2530 3.
360 2497 403 2543 ego
422 2485 517 2546 repperi
538 2498 571 2532 ex
590 2484 641 2533 Gu.
661 2488 685 2534 1.
703 2485 848 2534 Burin—⁵0
877 2487 962 2536 Vultur
989 2487 1104 2536 Br.-5l
1131 2489 1201 2540 Men.
1218 2490 1255 2541 Μ.
1271 2497 1296 2538 et

190 2546 285 2597 Boend.
296 2546 354 2596 Hic.
377 2547 529 2596 Priscianus
540 2547 628 2598 Instit.
641 2549 785 2598 Grammat.
803 2549 847 2597 lib.
859 2564 896 2598 vr.
913 2551 963 2598 Sed
978 2549 1035 2598 dinc
1053 2556 1193 2604 concedam.
1205 2554 1296 2603 &aaa

189 2611 443 2724 {michaeneipurtum
462 2614 525 2661 tuuc
539 2613 682 2675 proximum.
700 2613 783 2663 Wert.
815 2614 877 2662 lunc
897 2612 948 2663 duo
967 2614 1033 2666 Mes.
1054 2617 1127 2680 apud
1141 2617 1295 2668 Beutetsic

215 2690 250 2739 ψ.
287 2690 302 2724 o
334 2709 341 2723 .

587 2851 890 2860 m

475 3008 630 3075 AGTUS
653 3009 701 3076 V.
744 3010 902 3077 SCENA
924 3013 1012 3078 VII.

428 3176 613 3223 DEMIPHO.
650 3176 836 3224 PHORMlO.
873 3177 1068 3228 CHREMES·

195 3277 260 3339 ΟΕ.
284 3277 355 3338 Drs
370 3294 511 3355 magnas
526 3276 645 3338 merito
659 3278 785 3355 gratias
799 3276 917 3353 habeo,
933 3286 1040 3360 atque
1057 3302 1139 3365 ago,

189 3375 335 3453 Quando
349 3393 484 3437 evenere
499 3375 575 3438 haec
589 3377 699 3452 nobis,
715 3375 826 3455 frater,
841 3396 1012 3461 prospere.

191 3478 364 3556 Quantum
380 3481 504 3557 potest,
519 3497 607 3541 nuuc
623 3478 873 3543 conveniundus
889 3478 1055 3545 Phormio
1070 3490 1137 3556 est,
1216 3504 1223 3518 ·

164 3663 166 3666 ·
222 3643 275 3690 Dn.
292 3641 351 3690 Diis
366 3640 463 3690 meritur
473 3641 551 3690 cerlis
561 3642 654 3700 gratim
664 3655 719 3701 ogo,
729 3644 801 3702 utque
811 3640 889 3688 auimo
903 3640 984 3699 lenden,
991 3642 1092 3704 frater,
1101 3659 1149 3708 pro
1163 3661 1239 3695 rerum
1247 3657 1289 3692 arr·

113 3761 119 3772 Ι
189 3710 281 3753 trorum
288 3720 397 3767 proruero
408 3710 498 3754 euentu.
533 3707 605 3755 Nunc
624 3720 693 3768 quum
704 3705 752 3752 cito
766 3718 897 3767 paruimus,
915 3706 946 3752 ud
958 3705 1137 3758 Plomiouem
1146 3711 1213 3759 nodis
1221 3720 1289 3785 proprj

654 3827 837 3848 ΝΜΝΜ

194 3962 196 3967 ,
223 3916 235 3959 1
247 3912 357 3961 Versum
367 3927 517 3962 revocamus
525 3913 593 3961 huuc
603 3911 679 3974 primi
690 3911 717 3960 iu
728 3912 812 3960 locum
821 3924 911 3969 sunm3
925 3924 1003 3973 quem
1013 3913 1064 3971 alii
1073 3927 1205 3967 omnecet
1213 3912 1287 3975 scripti

190 3981 217 4022 et
230 3975 292 4024 editi
304 3979 419 4027 versibus
433 3983 473 4026 12.
485 3984 512 4025 et
525 3981 564 4027 13.
576 3978 616 4025 vel
631 3977 739 4025 orationi
751 3975 914 4025 Phormionis
925 3976 1001 4038 male,
1018 3987 1098 4028 certe
1117 3983 1157 4031 ita
1170 3992 1197 4032 nr
1208 3983 1289 4031 fnuua

191 4038 274 4086 adhuc
285 4040 311 4087 iu
323 4057 354 4090 eo
366 4040 520 4104 exponendo
538 4040 723 4091 desudaverint
740 4040 856 4102 interpp.
871 4031 1029 4090 colloca'tum
1049 4043 1164 4095 habent.
1200 4047 1232 4095 At
1242 4045 1262 4091 h.
1273 4043 1289 4088 l.

190 4104 228 4152 itu
240 4108 315 4164 aptus
332 4113 383 4167 eat,
400 4114 429 4155 ut
448 4107 518 4155 nulla
536 4105 646 4170 amplius
666 4103 880 4167 interpretatione
899 4118 964 4167 opus
983 4106 1029 4155 sit.
1049 4108 1113 4172 Bip.
1132 4125 1195 4161 mox
1206 4121 1290 4177 magum
