2678 4694
424 297 587 346 unorum
612 297 701 346 scm:
719 294 769 346 rr.
793 299 846 350 so.
870 302 919 350 ιν.
1146 285 1211 353 879

110 442 233 509 Nosne
248 441 311 504 hoc
325 432 453 504 celatos
467 445 536 505 lam
549 441 634 505 diul
658 461 787 526 nequeo
803 446 897 522 satis,

110 543 228 623 Quam
243 543 308 606 hoc
323 541 404 606 milti
419 541 547 607 videtur
560 542 686 608 luctum
701 564 815 627 prave,
831 548 995 631 proloqui.

109 640 227 712 Puro.
251 646 285 710 N
287 665 331 710 on
347 646 408 710 tibi
423 645 506 709 illud
520 645 646 711 factum
661 648 771 711 minus
787 649 1021 734 placet,quum
1036 649 1130 729 mihi,
1144 649 1212 714 Lu-

244 746 339 811 ches.
952 784 955 789 ·
1168 753 1216 816 25

111 851 212 916 Pam.
234 847 376 914 Etiamsi
388 849 515 913 dudum
529 851 639 915 suerat
657 852 851 934 ambignum
864 853 930 919 hoc
945 854 1039 935 mihi,

112 950 218 1016 Nunc
231 969 297 1014 non
312 957 376 1028 cst,
392 971 556 1017 cumeum
571 954 784 1037 consequitur
801 956 929 1020 alienus
944 977 1040 1041 puer.

112 1053 185 1118 LA.
207 1051 314 1116 Nulla
329 1053 401 1129 tibi,
416 1053 606 1136 Pamphile,
619 1054 675 1121 hic
685 1055 757 1141 jam
773 1059 975 1125 consultatio
989 1059 1041 1125 'st

112 1156 214 1221 Psm.
236 1153 350 1219 Perii!
395 1154 462 1220 Lu.
486 1154 586 1220 Hunc
603 1156 713 1223 videre
729 1179 823 1243 saepe
837 1162 1039 1244 optabamus
1050 1161 1152 1242 diem,

112 1259 202 1327 Cum
216 1278 262 1322 ex
276 1264 309 1323 lc
323 1265 413 1322 essct
427 1258 563 1341 aliquis,
578 1259 637 1341 qni
652 1265 686 1325 te
701 1262 887 1343 appellaret
902 1270 1043 1346 patrem.
1072 1258 1086 1285 '
1169 1262 1216 1328 uu

113 1362 257 1427 Evenit:
278 1358 388 1437 habco
402 1361 544 1443 gratiam
558 1361 635 1426 Ilia
678 1362 776 1428 Puni.
801 1363 928 1429 Nullus
945 1368 1041 1431 sum!

113 1464 182 1529 LA.
206 1462 325 1528 Reduc
340 1482 493 1541 uxorem,
509 1484 550 1529 uc
565 1465 633 1530 noli
649 1465 823 1532 advorsari
836 1465 931 1531 milti.

111 1696 286 1756 preeuntem
295 1686 363 1742 tuoto
374 1696 476 1756 ternpore
487 1694 603 1742 occultare
612 1691 711 1743 monto
728 1693 781 1744 Non
790 1707 887 1756 possum
896 1694 958 1745 tutis
967 1695 1045 1758 ample
1054 1693 1161 1744 nulium
1175 1709 1219 1744 ee-

110 1756 225 1820 primere,
234 1771 305 1821 quom
313 1757 456 1814 indecenter,
466 1763 489 1807 et
497 1757 742 1821 peruerteldfsetum
751 1759 810 1808 milti
819 1760 922 1810 cidem.
956 1759 1013 1810 Pe.
1032 1759 1087 1808 Nou
1097 1758 1143 1808 tibi
1158 1759 1219 1810 illud

104 1822 207 1881 sectum
215 1821 294 1885 mugit
303 1822 420 1884 displicet,
429 1837 497 1885 quum
508 1822 577 1885 unilt,
592 1822 691 1874 Loclea
723 1824 1221 1887 Pu213tslontmuereducemu,mlnm,

111 1898 190 1935 exere
201 1885 286 1936 dubius
295 1889 370 1936 uuimi
374 1885 487 1950 fuissem,
498 1887 555 1950 quid
563 1890 712 1937 statuendum
722 1889 783 1937 miti
790 1894 861 1951 esset,
876 1905 937 1938 nuuc
944 1904 990 1939 soa
1001 1904 1071 1947 stum·
1081 1893 1172 1938 certum
1182 1893 1220 1937 eet

111 1965 162 1999 nou
172 1951 294 2011 reducere,
302 1964 373 2014 qurum
383 1965 434 2000 eum
445 1958 543 2000 otutrem
553 1951 623 2000 lebet
633 1967 691 2014 puer
699 1952 729 2002 ab
739 1953 849 2016 olio‚uou
859 1969 873 2002 u
885 1969 920 2002 me
928 1956 1033 2015 genitus.
1066 1955 1114 2003 Lu.
1131 1952 1221 2002 Nullus

113 2012 161 2064 etii
176 2028 250 2076 usuc,
268 2015 401 2091 Pamphile,
418 2019 447 2064 de
463 2016 591 2077 rejicienda
601 2032 675 2066 tmere
685 2017 755 2066 muts.
789 2019 840 2067 Pu.
860 2019 973 2066 Perditus
988 2034 1047 2067 mm.
1080 2019 1128 2066 lut.
1145 2018 1221 2066 Hunc

112 2080 195 2129 heere
204 2092 267 2142 repe
280 2085 343 2129 uotis
356 2080 419 2130 diem
435 2082 612 2143 postulavimus,
629 2097 673 2145 quo
684 2097 715 2130 ex
724 2087 749 2130 le
758 2086 895 2130 nosceretur
908 2097 968 2144 puer
984 2082 1079 2144 uliquis,
1089 2082 1131 2143 qui
1142 2088 1166 2130 te
1176 2096 1220 2142 pu·

113 2144 178 2193 treus
200 2149 307 2194 uocaret:
322 2151 419 2194 creatus
439 2145 501 2194 cotis
519 2146 649 2207 respondit,
665 2146 738 2195 dobeo
751 2146 858 2205 gratiam
875 2146 940 2194 Diis.
973 2146 1024 2196 Pu.
1042 2146 1137 2194 Interii.
1170 2146 1220 2194 Lu.

115 2205 202 2258 Reduc
215 2222 324 2274 urerent,
338 2214 364 2260 et
377 2208 428 2259 uolt
443 2209 502 2258 milti
516 2224 656 2273 repugnare.
689 2210 743 2259 Pu.
762 2209 846 2271 Peter,
861 2210 884 2257 oi
899 2208 1041 2258 Plilumem
1057 2210 1128 2261 uellet
1138 2207 1222 2258 lolem

580 2364 763 2386 “eunoun

114 2489 140 2536 et
150 2483 272 2534 len-us
289 2483 340 2545 Hic
350 2481 479 2532 unt-m
496 2479 540 2530 Sic
550 2480 675 2545 Faiirnus,
684 2487 712 2531 et
723 2480 759 2530 sic
769 2479 849 2529 Libri.
882 2479 1068 2542 Donattts,hnc
1080 2497 1162 2547 prava
1171 2483 1223 2535 lec·

115 2551 193 2600 tione
203 2549 332 2610 irretitus,
342 2561 374 2596 co
387 2546 468 2607 venit,
482 2553 510 2593 ut
521 2546 602 2608 dicat,
613 2547 697 2595 Placet
708 2561 753 2609 pro
763 2545 881 2607 Displicet
892 2546 1060 2608 intelliguntur.
1094 2548 1164 2599 Quid
1174 2556 1225 2611 est,

115 2615 139 2664 sl
152 2613 204 2664 ltoc
216 2626 268 2665 uun
284 2619 326 2662 est
341 2610 388 2660 mo
403 2610 531 2670 ποταμῶνί
555 2611 684 2659 Nimirum
695 2610 765 2658 aliud
778 2610 862 2658 innuit
873 2610 1095 2670 sententiantium
1108 2612 1224 2665 tinniunt

116 2679 209 2729 verbu·
243 2677 296 2726 Pur
306 2677 381 2726 locus
396 2684 438 2723 est
456 2688 535 2736 snpra
545 2687 586 2723 tv.
598 2679 622 2723 2.
639 2678 679 2723 80.
697 2676 705 2702 ‘
720 2674 786 2722 Haec
798 2687 838 2721 res
849 2687 898 2723 uon
908 2675 991 2722 minus
1003 2691 1042 2723 me
1055 2676 1121 2725 male
1133 2675 1225 2738 hebet,

117 2740 198 2809 quem
210 2741 256 2791 te!
288 2739 330 2789 Au
341 2741 416 2788 istam
427 2739 507 2799 igitur
516 2737 609 2788 faciem
622 2740 663 2787 iric
677 2738 812 2800 legendum
831 2738 890 2799 erit,
907 2739 963 2786 Nou
979 2739 1038 2788 milti
1056 2740 1117 2789 illud
1127 2740 1225 2800 sectius

115 2806 278 2868 mmm,
288 2804 420 2869 permitti,
432 2803 527 2851 Lacte:
551 2804 558 2830 ‘
571 2803 651 2851 Dolet
668 2801 748 2864 mihi,'
765 2804 773 2829 ⁴
786 2815 856 2864 aegre
869 2811 909 2850 est
920 2803 999 2864 milri‚'
1014 2810 1021 2832 ⁴
1034 2805 1100 2853 male
1117 2819 1159 2854 me
1179 2806 1224 2854 ha·

118 2870 186 2935 liet',’
202 2868 294 2920 eodem
305 2869 390 2919 omnio
401 2882 485 2918 sensu.
502 2868 575 2916 Brut.
608 2867 674 2916 Haec
687 2875 785 2916 temere
797 2867 905 2914 iuventa
917 2867 983 2916 dicit
994 2869 1057 2931 Bip.
1074 2883 1105 2918 ea
1122 2884 1224 2934 quoque

117 2935 195 2986 Peri.
204 2931 349 2998 improbat;
368 2941 394 2982 at
402 2933 492 2996 judice
509 2932 540 2980 R.
553 2932 587 2980 D.
604 2932 707 2979 ‘nullus
720 2932 745 2979 in
758 2931 871 2993 uolgatis
883 2932 969 2980 verbis
980 2947 1069 2982 sensus
1078 2940 1127 2983 est.
1145 2934 1225 2983 Beut.

118 3014 153 3051 ex
171 3000 200 3049 vi
217 3000 355 3049 sententiae
373 2994 512 3046 emendat'
544 2997 623 3046 Both.
644 2997 843 3058 interpretatur,
858 2997 867 3022 ⁶
881 3010 954 3060 aeqne
973 2998 1034 3045 milri
1053 2997 1176 3061 displicet
1194 3013 1226 3048 ac

118 3063 256 3115 utu—su
271 3064 337 3113 Mer.
347 3063 511 3112 luidensium
523 3075 599 3122 unus,
611 3075 669 3109 cnm
683 3060 775 3110 Boend.
789 3068 817 3109 et
832 3062 900 3109 ltona
913 3071 988 3124 parte
1000 3062 1142 3112 editionum
1155 3062 1227 3112 uele-

119 3143 190 3191 rnm,
203 3127 317 3190 Etsijum
325 3129 420 3176 (luduin.
437 3127 479 3175 Tr.
489 3126 546 3174 Etsi
557 3127 583 3173 id
586 3125 666 3185 fuerit
674 3125 809 3187 oomiguum
819 3124 863 3173 ltoc
872 3125 947 3175 mitri:
957 3141 1019 3175 runc
1028 3143 1075 3177 nou
1086 3133 1128 3176 est.
1142 3127 1226 3177 West.

119 3193 216 3258 Aliqui
226 3192 390 3256 libri-scripti
401 3199 428 3240 et
440 3190 467 3238 in
479 3189 510 3238 iis
520 3191 690 3239 uetustissimi
702 3191 814 3239 etiamsi.
826 3190 871 3239 Fu.
896 3191 940 3240 Sic
951 3193 1031 3241 nocui
1040 3206 1138 3242 omnes.
1150 3193 1226 3242 Beut.

119 3255 445 3318 Ambiguuml‘uerdtBoth.
463 3255 554 3316 tacite,
566 3261 593 3303 ct
604 3255 722 3304 similiter
733 3255 759 3302 iu
770 3259 811 3303 ui.
829 3269 903 3318 prom
912 3256 1080 3316 suctum-27
1100 3258 1170 3307 Nunc
1181 3272 1228 3308 nort

120 3329 168 3387 est,
178 3332 232 3371 otuu
242 3336 295 3371 eura
307 3321 361 3383 jum
370 3322 519 3382 consequitur
535 3321 626 3368 almuse
640 3321 711 3384 puer]
729 3318 890 3369 Aduerbium
902 3319 957 3382 jum
975 3322 1060 3371 nullut
1072 3323 1151 3374 habet
1160 3323 1229 3372 liber

121 3391 249 3450 scriptus,
261 3399 310 3435 uec
326 3387 445 3435 Donatus
455 3401 464 3443 l
487 3397 536 3432 uec
556 3384 582 3432 ld
600 3385 717 3434 admittit
734 3385 800 3433 ratio
819 3399 919 3434 versos.
942 3385 989 3436 Fu.
1030 3388 1182 3436 dumnulina
1194 3401 1228 3434 ex

121 3451 221 3501 nostris
231 3450 319 3500 hebet.
351 3448 404 3499 Sed
417 3449 468 3496 duo
480 3448 528 3509 sic,
539 3449 609 3495 Nunc
619 3463 666 3497 uon
676 3455 721 3508 ert,
736 3463 788 3496 cum
798 3463 849 3497 eum
860 3450 965 3512 sequitur
976 3452 1067 3500 alienus
1073 3466 1142 3514 puer.
1177 3451 1229 3498 Coit

121 3519 150 3566 in
163 3515 352 3580 compositione
365 3513 475 3564 nonnisi
487 3525 536 3559 nna
546 3512 633 3558 littera
645 3516 704 3560 est‘
717 3512 829 3573 inversu,
838 3513 865 3559 in
876 3513 948 3560 libris
959 3515 1078 3564 vetustis.
1107 3517 1167 3563 Cum
1177 3528 1230 3560 eom

121 3582 149 3630 iu
163 3593 241 3630 unum
252 3580 377 3643 syllabam
390 3576 543 3639 constringi,
554 3577 638 3623 miuus
648 3576 744 3637 placet.
756 3575 831 3623 Beut.
849 3582 877 3623 et
889 3576 925 3624 sic
936 3576 1007 3625 Peri.
1025 3592 1075 3626 eom
1087 3577 1159 3626 delet
1167 3577 1229 3639 Bip.

121 3661 176 3694 eum
192 3660 246 3694 erun
262 3644 370 3707 sequitur
378 3644 456 3692 Both.
479 3640 585 3704 sequitur
596 3641 692 3688 C.—28
711 3639 844 3688 Consolatio
862 3644 896 3688 est
909 3640 944 3690 V.
955 3641 994 3689 C,
1004 3640 1145 3693 liud-29
1161 3640 1228 3689 Sem·

120 3725 166 3775 per
182 3723 247 3760 unus
259 3723 274 3759 e
285 3710 369 3775 Boc-l.
386 3716 413 3756 et
432 3709 469 3756 sic
484 3707 571 3756 ‘Mra
591 3713 619 3754 et
634 3704 752 3768 impressi
768 3704 872 3768 quidum
885 3714 949 3755 vett.
962 3720 1021 3755 mox
1033 3706 1114 3756 Codd.
1125 3705 1230 3770 quidam

329 3882 339 3957 q
622 3866 731 3918 NOTAE

160 3991 194 4037 26
210 3982 414 4047 ululandum
423 3981 570 4046 mrtbiguum]
593 3981 660 4032 Hac
700 3979 825 4030 ditionem
842 3981 933 4030 metris
955 3981 1089 4045 sequium
1102 3994 1136 4032 ex
1150 3983 1231 4048 jttstis

128 4064 216 4113 omnis
227 4076 317 4111 secum
330 4059 489 4123 Pamphilus.
701 4057 798 4119 nuptiis
810 4057 890 4107 creati
902 4064 1045 4122 sequuntur
1055 4065 1165 4122 patrem.
1178 4079 1180 4086 ·

161 4142 193 4187 27
220 4136 293 4188 uuae
312 4133 462 4197 consequitur
480 4132 570 4182 aliemu
591 4133 662 4198 puer]
733 4136 766 4182 uu
789 4126 871 4195 Perii]
888 4133 947 4184 Hoc
963 4133 1011 4184 sibi
1028 4134 1179 4200 Pamphilus
1193 4136 1232 4184 di·

129 4215 170 4265 llx
186 4213 290 4277 injusta
305 4209 488 4274 conjunctione
503 4217 588 4273 nulus,
599 4223 660 4258 con·
701 4211 748 4261 cit.
767 4262 769 4266 Α
865 4225 867 4230 ·
