2678 4694
389 313 651 385 nneuenouuu
675 316 815 363 somn.
836 316 889 364 sc.
912 317 954 364 11.
1077 266 1083 283 ’
1148 299 1214 368 699

119 453 220 521 Nihil
231 461 306 535 θεὶς
328 454 494 520 refrixerit
504 475 577 522 rea:
599 456 959 522 nuncdemumvenisl
1170 459 1215 524 25

120 555 191 623 Gur
203 559 349 642 passusl
372 557 429 621 ubi
442 560 540 623 erasi
563 560 658 624 nteit
672 559 779 624 setium
793 557 943 641 perdere,

118 656 234 736 Quam
250 666 308 722 unt
321 659 376 722 hic
390 677 477 723 nunc
491 678 622 724 manere
635 667 704 724 tam
718 660 788 737 din,
803 666 862 724 aut
876 667 943 723 tum
959 663 1121 744 persequi.

117 759 186 825 sn.
208 759 232 826 J
234 779 328 824 amne
344 762 542 826 enumerasti
555 762 602 839 id,
618 762 707 846 quod
722 762 766 825 ad
780 769 813 826 tc
827 762 1009 826 ‘rediturum
1024 764 1147 845 puteal

118 859 212 926 Suu.
236 860 389 1023 Hoccipe
419 862 477 926 illo
501 861 636 946 dignum
659 863 724 926 'sti
748 860 886 927 hoccine
910 863 1057 946 incipere
1083 863 1214 929 AEachi·

251 980 331 1024 num

121 1061 190 1126 Per
204 1064 457 1147 oppressionem
471 1068 508 1128 ut
522 1062 607 1130 hanc
622 1064 703 1130 mihi
718 1066 847 1149 eripere
861 1066 1031 1149 postuletl
1169 1065 1213 1132 30

119 1162 185 1228 SY.
208 1163 379 1228 Labascit.
424 1164 536 1229 Unum
550 1165 614 1231 lioc
628 1167 738 1232 habeo
751 1187 759 1232 :
781 1166 871 1243 vide,
886 1168 917 1231 si
930 1168 1011 1233 satis
1026 1168 1153 1251 placat:

121 1265 247 1329 Potius
262 1286 362 1349 quam
376 1268 495 1331 venias
511 1267 545 1331 in
560 1267 758 1350 pericnlum,
773 1269 912 1346 Sannio,

122 1367 301 1445 Servesne,
316 1388 357 1431 au
373 1369 490 1451 perdas
505 1375 623 1446 totum,
638 1370 810 1436 dividuum
824 1370 920 1434 face:

120 1468 235 1549 Minas
250 1469 367 1533 decem
382 1471 534 1536 conradet
548 1471 715 1538 alicunde.
759 1471 849 1537 sm.
866 1470 941 1535 Hei
955 1469 1054 1533 mihi!

119 1679 184 1727 ego:
200 1666 241 1715 ali
252 1667 319 1716 illine
327 1669 429 1730 rediero,
437 1669 499 1719 silit
504 1674 538 1719 ecl
546 1673 694 1734 sperandum,
702 1673 809 1720 comatus
816 1669 928 1719 deditoris
935 1669 1059 1719 immissio
1069 1669 1125 1732 erit,
1133 1673 1157 1718 et
1164 1672 1214 1718 tur·

119 1732 151 1778 da
162 1731 195 1778 ud
203 1733 354 1791 solendum
369 1733 502 1795 dicet‚qatd
511 1735 692 1787 tardiasredisi
706 1752 768 1785 susc
776 1736 865 1784 occasio
871 1733 928 1783 milu'
936 1749 981 1783 sos
992 1740 1036 1796 est,
1045 1748 1177 1797 carpamus
1187 1747 1214 1782 ss

115 1799 143 1842 so
151 1799 218 1842 tanto
225 1801 327 1858 tmpore
337 1797 452 1846 absentem
460 1813 508 1848 esse
515 1816 526 1857 ,·
535 1799 576 1848 adi
584 1814 645 1860 eros,
652 1802 742 1863 medo
746 1807 916 1864 ponteseram
927 1798 970 1847 titt
978 1799 1098 1862 pecaniam
1106 1811 1212 1846 namm-

117 1872 154 1925 se,
165 1873 228 1907 sanc
237 1859 409 1920 milisccsltos
418 1876 465 1910 sos
475 1869 518 1912 est.
553 1863 621 1912 Talia
632 1865 734 1926 objiciet,
743 1867 800 1914 odeo
811 1869 838 1911 ut
852 1863 936 1912 stelias
950 1864 983 1910 sit
991 1865 1089 1927 perdere
1098 1862 1212 1923 delitam,

117 1937 188 1984 mom
198 1928 240 1972 aut
254 1924 293 1972 lie
308 1927 396 1974 morosi
406 1932 455 1974 tom
465 1928 514 1989 diu,
524 1928 579 1976 mm
592 1929 639 1977 iter
649 1945 694 1978 non
707 1928 774 1988 socio
787 1930 891 1992 Cyprum
898 1943 908 1985 ,-
923 1933 964 1976 out
981 1933 1103 1990 postquam
1113 1925 1212 1989 rediero,

114 1989 348 2102 tffdted‘tt
356 1991 875 2113 fiinltlttttuffllltttd
896 1989 1214 2104 '‘tuni⁶ttt⁸⁰.ll

116 2113 179 2162 niti
194 2116 399 2168 tollereeoueturl
426 2119 473 2168 Su.
491 2072 668 2170 Naloteosimo.
702 2071 782 2170 affirm
789 2121 832 2168 loc
843 2070 975 2173 inmaidi
985 2071 1212 2180 qoou⁰c⁸icamsssmc

117 2178 176 2252 pio:
192 2179 322 2240 musidae,
332 2181 355 2229 si
365 2182 391 2230 id
401 2182 460 2230 sotis
468 2182 513 2230 tibi
521 2189 618 2244 gruem
626 2191 669 2246 est,
674 2184 754 2248 potius
760 2183 862 2247 mamis
871 2183 998 2244 mucelam
1005 2188 1079 2230 totam
1088 2181 1213 2230 orsinacii

115 2241 217 2292 udum.
250 2244 385 2295 Dimidium
397 2246 471 2308 pretii
489 2262 533 2310 pro
549 2249 637 2310 puella,
655 2250 682 2298 id
699 2255 743 2308 est,
753 2251 831 2297 decem
844 2247 920 2295 minas
936 2247 963 2296 iu
978 2249 1106 2309 presentia
1116 2246 1212 2308 aceipu

118 2306 181 2356 hanc
195 2321 309 2359 umanum
323 2310 456 2372 coreogolit
466 2310 495 2359 ab
506 2313 595 2370 amicis
607 2316 644 2362 uel
654 2313 759 2378 conficiet
775 2314 889 2362 uticum.
922 2311 969 2361 SA.
987 2311 1038 2360 Hei
1048 2309 1125 2360 milri!
1141 2311 1213 2359 diust

577 2457 756 2477 HOMO!

118 2547 213 2599 Nostri
231 2548 332 2599 codices
344 2549 466 2613 universi,
476 2551 591 2601 omittam.
625 2551 742 2614 Repoue,
754 2552 857 2601 Numi
868 2553 911 2600 lroc
919 2552 1035 2611 omittam
1044 2567 1073 2601 uc
1082 2556 1133 2600 tuus
1142 2563 1213 2614 mm

118 2613 234 2662 sdiilla'sc
243 2615 350 2672 redicem·
367 2615 440 2664 Nihil
449 2620 492 2664 eat.
525 2616 569 2664 lta
584 2630 662 2677 supra
672 2630 709 2664 vs.
721 2620 761 2664 18.
793 2618 801 2644 ‘
813 2616 863 2664 Ubi
875 2617 945 2663 illinc
963 2629 1039 2678 spero
1051 2617 1158 2663 redierla
1174 2625 1213 2663 ta·

117 2690 190 2738 men,
200 2677 250 2726 hoc
262 2682 340 2740 ages.¹
372 2680 483 2741 Egregia
499 2686 571 2728 certe
591 2679 755 2738 emendatio;
773 2682 817 2727 sed
831 2694 881 2727 non
893 2686 990 2728 nostra.
1023 2679 1100 2727 Fama
1112 2686 1214 2728 tantum

115 2741 154 2792 ,sd
174 2756 215 2789 me
233 2743 350 2804 pertulit,
365 2745 538 2806 nescioquem
552 2744 589 2791 sic
609 2742 760 2791 correxisse.
776 2745 848 2791 Beni.
884 2744 1000 2791 omittam
1018 2749 1114 2792 actum
1131 2742 1210 2791 Both.

120 2806 240 2855 Omittam
252 2807 297 2855 Br.
328 2808 494 2872 ActumBip.
527 2807 558 2855 ln
570 2807 665 2869 Delph.
677 2817 715 2855 eet
726 2808 1213 2870 mniuo,oo··ilttncreutero,actamogam,

113 2869 194 2920 Nitil
210 2875 253 2919 est.
285 2873 372 2919 Actum
382 2872 442 2932 ogit.
476 2873 564 2921 Ducta
576 2870 686 2919 formula
697 2872 833 2934 uindiciis,
845 2872 889 2919 ubi
901 2872 968 2936 quod
979 2872 1058 2919 semel
1066 2871 1212 2934 judicatam

118 2942 163 2983 eat
173 2932 271 2983 frustra
283 2934 376 2983 iterum
389 2937 483 2998 agitur,
494 2937 520 2984 in
541 2936 644 2984 Phorm.
657 2949 688 2984 rr.
700 2939 724 2983 3.
735 2939 777 2984 72.
811 2937 904 3000 Neque
916 2935 980 2984 adeo
992 2934 1043 2984 dici
1056 2934 1159 2997 potest‘
1170 2949 1214 2983 ac·

118 3004 176 3048 tum
185 2997 281 3062 agere’
294 3000 326 3047 de
337 3014 368 3047 eo
380 3001 422 3063 qui
435 3001 496 3049 nihil
508 3001 576 3063 agit:
594 3014 668 3064 quam
680 2997 857 3049 difficultatem
869 3001 938 3048 tollit
948 3000 1053 3060 elegans
1065 2999 1112 3047 viri
1119 2998 1214 3046 doetis-

115 3061 179 3112 simi
202 3062 347 3112 emendatio
366 3064 473 3113 laudata
493 3064 619 3113 Bentleio.
641 3064 674 3112 R.
687 3065 722 3113 D.
759 3066 875 3113 omittam
893 3063 981 3114 Guelf.
993 3068 1017 3112 2.
1032 3067 1120 3114 tt-nt
1138 3062 1213 3112 idem

113 3125 190 3177 ,liber
199 3126 298 3189 [Benn]
308 3136 334 3174 et
346 3127 442 3191 aliquot
452 3129 505 3187 alii,
517 3130 593 3184 ίὶιιωη
603 3134 643 3176 aut
658 3144 721 3177 nanc
731 3143 837 3177 meum:
853 3129 896 3177 alii
904 3136 932 3178 et
943 3130 1070 3189 Donatus,
1082 3129 1160 3184 Quum
1169 3131 1212 3176 ast

118 3189 159 3239 hic
173 3205 282 3239 mosem:
297 3191 336 3239 his
354 3192 454 3240 dnobus
469 3193 552 3242 modis
571 3199 623 3241 atat
643 3207 743 3253 versus,
762 3195 838 3242 aliter
858 3193 1006 3257 impeditus.
1023 3193 1070 3242 Fa.
1103 3191 1161 3241 Duc
1179 3206 1214 3241 ex

119 3256 228 3315 uostris,
238 3260 280 3303 sot
298 3255 337 3304 lu‘c
354 3271 462 3305 nucum:
479 3257 571 3318 ceteri,
589 3262 631 3305 oat
651 3258 706 3305 ltine
721 3272 894 3306 sesamum.
927 3257 1090 3320 Hicplecet3
1106 3270 1167 3317 uos,
1182 3263 1214 3306 ut

119 3319 238 3369 Fae'rnns
256 3319 338 3381 dedit,
349 3336 417 3370 nunc.
432 3322 509 3371 Beut.
527 3322 570 3386 qui
585 3322 644 3370 inde
656 3322 700 3370 dat
713 3323 789 3377 Quen
800 3322 890 3370 antlia
899 3335 1000 3370 masere.
1034 3322 1076 3370 ltu
1087 3328 1116 3370 et
1126 3319 1214 3370 suern

115 3386 144 3436 ,8.
165 3382 228 3445 Bip.
244 3383 339 3446 Delplr.
374 3386 451 3440 Qum
461 3392 503 3435 out
513 3401 616 3435 sunem.
632 3387 663 3434 Ζ.
683 3387 826 3435 Bolia—28
844 3387 874 3435 ld
885 3387 1008 3435 omittunt
1023 3387 1069 3434 ΒΓ.
1085 3386 1164 3438 Beni·
1182 3385 1213 3434 Ζ.

114 3447 144 3496 1
155 3452 181 3495 te
191 3447 238 3496 Br.
250 3448 412 3510 improbante
423 3450 492 3498 Peri.
504 3449 614 3498 Botlrina
625 3451 688 3510 legit
698 3451 784 3499 Jomse
794 3451 980 3509 enumeratam
990 3455 1014 3499 te
1024 3453 1085 3512 qaod
1095 3465 1116 3497 r·
1125 3451 1215 3510 p-as

113 3511 183 3561 Non
195 3513 324 3572 conuenit,
334 3521 363 3563 nt
375 3515 400 3562 in
410 3514 500 3563 eodem
511 3514 638 3563 versiculo
650 3514 742 3562 Hocine
752 3515 859 3576 primam
871 3515 1004 3577 corripiat,
1014 3513 1108 3562 deinde
1119 3511 1214 3574 produ-

115 3582 173 3629 cut.
205 3577 278 3638 lege
296 3577 382 3639 igitur,
393 3579 485 3628 Hocine
504 3578 543 3627 illo
560 3576 698 3638 dignensi?
714 3578 797 3626 domne
805 3581 922 3640 inceptare
939 3579 1092 3626 AEsclrinsmr
1121 3577 1212 3638 Neque

120 3640 199 3688 eliter
210 3641 271 3689 olim
290 3642 425 3703 Donatua;
442 3650 471 3691 ut
487 3658 519 3690 ex
535 3643 590 3705 ejus
607 3643 691 3690 verbis
709 3643 855 3704 conjectare
870 3643 951 3690 ticet:
967 3642 1067 3692 ‘Quasi
1077 3641 1109 3687 de
1120 3653 1213 3702 magno

120 3702 239 3752 facinore
252 3705 333 3765 dixit,
351 3708 416 3754 utin
427 3707 521 3755 lleant.
533 3710 591 3768 (nr.
600 3709 624 3754 li.
636 3705 691 3767 ³9.)
708 3708 716 3732 ⁴
728 3707 794 3767 Vah,
804 3707 862 3754 vide
876 3707 942 3769 quod
955 3706 1070 3766 inceptet
1082 3702 1215 3753 facinus.’'

119 3768 263 3817 Boset-30
274 3771 383 3818 Versum
396 3771 463 3819 huuc
474 3772 544 3833 Guy.
557 3771 661 3818 exulare
669 3769 755 3832 jubet.
773 3771 850 3820 West.
883 3770 960 3833 Vulg.
975 3770 1023 3817 Per
1034 3767 1213 3830 oppressionem,

120 3831 222 3880 frustra
237 3846 390 3896 exasperato
401 3850 483 3883 versu.
516 3835 589 3884 Botis.
600 3835 644 3898 qni
656 3834 736 3896 igitur
746 3834 793 3882 dat
806 3835 959 3898 Oppressioae
967 3832 1134 3881 uttam-st
1152 3831 1214 3882 Pal·

120 3898 218 3945 merins
235 3912 281 3958 pro
292 3913 363 3947 unam
381 3899 423 3947 lucc
441 3899 520 3962 lobea,
532 3899 594 3962 legit
610 3899 686 3946 sirum
704 3897 746 3945 lroc
757 3898 837 3958 labeo,
848 3898 880 3946 ad
902 3897 991 3947 Plaut.
1010 3896 1068 3944 Cas.
1084 3911 1117 3945 rr.
1134 3900 1159 3946 8.
1172 3896 1214 3947 34.

124 3962 198 4010 Wesi.
232 3963 309 4012 Both.
326 3963 349 4011 si
366 3969 405 4011 sat
423 3965 507 4026 placet.
541 3965 584 4012 Br.
601 3963 655 4011 side
670 3961 692 4009 si
708 3963 858 4024 places-ss
879 3961 942 4009 Mes.
961 3960 1073 4023 quidam,
1088 3960 1214 4010 dimidiant

119 4024 246 4080 sace-tlt
263 4026 306 4075 Ita
327 4027 458 4089 distinguo
480 4028 546 4076 hune
567 4029 659 4076 locum.
691 4025 723 4074 lu
745 4025 894 4089 quibusdam
919 4026 983 4073 Mas.
1004 4024 1043 4073 ita
1062 4025 1213 4074 ordinantur

123 4104 218 4138 uoces:
236 4090 435 4145 Misascorrudet
451 4091 556 4140 alicunde
570 4094 656 4140 decess.
672 4090 754 4139 West.
789 4089 866 4137 Both.
881 4090 970 4141 Decem
986 4088 1135 4139 utinam-³5
1153 4090 1214 4139 Non

123 4153 295 4218 interrogant,
306 4169 388 4220 neque
399 4162 459 4221 post
475 4154 582 4206 ‘mirer'
594 4169 678 4221 nequa
689 4160 748 4221 post
758 4159 766 4182 ‘
777 4152 858 4218 nihil,’
869 4153 896 4205 in
911 4154 1086 4218 rs..saquauti,
1094 4153 1140 4204 Bu,
1151 4153 1214 4218 Bip.
