2678 4694
198 293 265 359 oro
477 292 485 308 '
574 301 949 383 rnnnnurunrru
1015 286 1019 291 ’
1094 275 1105 371 j

199 448 293 517 Idem
319 449 384 514 hoc
411 440 483 525 tibi,
513 447 603 530 quod
628 449 723 512 bene
742 449 943 531 promeritus
969 445 1085 524 fueris,
1103 427 1285 530 ¹condnpii·

329 552 464 616 caverit.

201 655 268 718 Do.
290 652 406 719 Verba
419 655 516 719 istaec
531 661 619 718 sunt.
662 652 733 717 Ar.
757 651 1011 737 Pamphilamne
1036 652 1103 715 hnc
1124 651 1206 715 urbe
1228 651 1284 733 pri·

329 756 401 819 veri
418 756 529 819 sines?

200 858 289 922 Tum
303 860 463 941 praeterea
477 856 610 922 horunc’
626 875 771 921 amorem
788 855 926 918 distrahi
941 853 1085 938 poterin’
1102 855 1201 938 petii

202 959 272 1025 D0.
296 959 417 1043 Neque
433 977 507 1040 ego,
523 976 630 1040 neque
648 965 695 1021 tn.
739 958 808 1022 Ge.
829 958 873 1021 Di
888 957 947 1020 tibi
964 957 1149 1034 omnesid,
1160 954 1241 1038 qnod
1254 971 1284 1017 es

330 1060 462 1143 dignus,
478 1059 594 1123 duint!

202 1162 271 1225 Do.
294 1160 366 1243 Ego
380 1170 414 1226 te
430 1161 620 1244 complures
643 1160 822 1225 advorsum
839 1159 1008 1243 ingenium
1034 1179 1149 1224 meum
1172 1175 1287 1222 menses

331 1261 403 1341 tuli,
1254 1259 1290 1323 35

202 1361 468 1443 Pollicitnntem,
487 1365 568 1431 nihil
583 1364 749 1444 ferentem,
774 1365 926 1430 flentem:
952 1383 1041 1429 nnnc
1056 1372 1180 1430 contre
1193 1362 1291 1429 omniu

332 1465 418 1547 hmo,

200 1646 315 1709 preterini,
326 1648 483 1708 exaudierent,
495 1647 579 1696 Dorio.
612 1648 666 1709 Ipee
677 1647 745 1708 tujue
754 1648 842 1708 gratim
853 1653 877 1697 te
887 1648 957 1710 dupio
967 1648 1143 1697 remunerabit.
1175 1647 1229 1696 Do.
1243 1644 1293 1692 Hoc

201 1712 285 1759 ironia
296 1719 351 1760 eunt
360 1713 485 1774 promisee.
519 1710 571 1762 An.
592 1712 656 1760 Num
668 1712 817 1774 Pamphilum
828 1710 871 1761 nne
882 1712 937 1761 urbe
947 1712 1073 1774 exportari
1084 1717 1139 1760 rem
1148 1712 1206 1759 dere
1215 1723 1294 1758 center·

204 1775 264 1822 ties?
280 1781 330 1822 trem
341 1792 428 1837 quoqne
439 1777 521 1824 trorum
536 1791 637 1824 umorem
652 1783 758 1824 mutuum
773 1777 854 1824 diuelli
868 1777 921 1839 poti
936 1776 1046 1839 poterint
1078 1772 1236 1839 Do.⁴Nepue
1252 1788 1295 1834 ego,

203 1852 275 1901 neque
294 1843 321 1886 tu
331 1840 461 1900 potiemur.
496 1841 547 1887 Gn.
564 1840 609 1887 Dii
628 1846 651 1888 te
664 1843 773 1901 perdent,
791 1846 819 1888 ut
835 1841 933 1888 meritus
949 1856 982 1888 es.
1015 1841 1072 1890 Do.
1091 1840 1219 1902 Pneueit,
1232 1842 1295 1898 egote

196 1900 250 1959 jem
259 1901 372 1961 plurimos
383 1917 473 1950 merres
484 1904 565 1964 tolero,
580 1907 604 1950 et
617 1910 713 1964 expecto
726 1904 903 1966 promittentem
917 1905 1000 1964 enimn,
1016 1910 1042 1953 et
1056 1903 1124 1952 nituit
1134 1901 1295 1967 pecunioenffe·
1331 1940 1334 1948 .

203 1969 302 2028 rentem,
313 1967 354 2015 red
363 1966 424 2014 enine
435 1967 550 2031 lacrymer
560 1965 733 2030 effundentem:
743 1982 804 2016 nune
814 1968 888 2017 utinm
898 1973 980 2018 ceretro
991 1967 1076 2018 irreerri
1086 1971 1163 2018 multo
1173 1967 1296 2018 amur

672 2108 851 2128 OOWMO

204 2215 265 2259 erni.
282 2209 359 2260 Beni.
391 2211 465 2260 Ideni
477 2211 591 2274 conjicit,
618 2208 811 2260 Ani'riduurnt
826 2212 1027 2274 perurgueret.
1062 2213 1180 2262 Obterde
1196 2212 1239 2262 Br.
1261 2214 1296 2260 Eri

205 2277 304 2325 omittit
313 2276 343 2325 Z.
372 2277 448 2325 Both.
460 2276 531 2324 Peri.
546 2274 779 2338 neminemnam
796 2279 830 2324 id.
863 2277 984 2325 Exerntue
997 2291 1044 2340 pro
1053 2283 1142 2326 exoret
1153 2277 1241 2328 Gueif.
1251 2282 1296 2326 2.—

205 2344 235 2388 ⁸1
254 2340 307 2388 Hic
322 2354 357 2389 rs.
370 2342 474 2403 Gnyeto
486 2341 586 2402 spurius
597 2348 625 2388 et
641 2340 764 2387 insititiue
776 2347 892 2389 vocetur.
926 2341 990 2390 Mer.
1010 2348 1038 2390 et
1057 2342 1128 2390 editi
1145 2343 1247 2406 quidam
1260 2341 1296 2389 tn.

205 2403 286 2451 West.
320 2404 350 2451 In
361 2404 402 2451 vi.
411 2410 438 2452 et
449 2404 509 2452 Bas.
518 2418 571 2451 non
581 2404 632 2463 lene,
642 2402 687 2451 sed
698 2404 737 2451 dic
745 2405 857 2466 iegitur:
876 2406 943 2468 qnod
957 2406 1062 2467 placet:
1083 2413 1114 2455 ut
1124 2413 1212 2456 tumen
1223 2408 1253 2454 sit
1263 2406 1296 2453 ad·

205 2467 331 2524 verbinm,
348 2467 435 2529 idest,
452 2468 659 2530 innocnegotio.
676 2468 723 2516 Fe.
757 2469 848 2517 Nostri
859 2470 910 2517 hoe.
945 2469 1027 2518 Recte
1037 2470 1088 2530 trie,
1105 2472 1154 2519 sed
1172 2483 1296 2536 pronomen

206 2538 257 2580 est.
274 2532 349 2580 ΒΜ.
382 2532 448 2579 Idem
457 2532 495 2579 dir
506 2537 525 2580 t.
538 2532 598 2592 Bip.
617 2532 714 2594 Deipn.
740 2532 763 2581 I.
780 2533 824 2580 tibi
835 2533 873 2580 itio
883 2533 1026 2582 Boin-se
1043 2535 1142 2584 Boend.
1154 2538 1184 2583 ad
1195 2538 1236 2584 dne
1246 2535 1297 2583 urie.

206 2595 300 2644 Mellet
312 2596 381 2660 Gny.
395 2597 551 2658 Pompiiinne
568 2596 627 2644 itere
643 2595 723 2644 orbern
732 2596 825 2658 privari
833 2597 912 2646 einer?
931 2598 1012 2646 West.
1044 2597 1089 2647 An
1100 2601 1146 2649 tene
1155 2601 1214 2649 erbe
1224 2595 1298 2649 Gneii.

205 2664 296 2710 2.-33
314 2661 413 2710 Horene
421 2676 530 2709 omnem.
562 2661 590 2708 Si
600 2661 638 2708 ita
648 2662 729 2723 leges,
741 2674 787 2722 pro
798 2661 888 2722 trorum,
899 2668 953 2710 stat
962 2676 1069 2723 versus3
1088 2665 1134 2728 qui
1146 2672 1175 2714 et
1187 2670 1298 2713 sustentt·

206 2732 250 2775 tur
265 2725 376 2774 lectione
386 2726 547 2789 quorundam
557 2724 686 2783 codicum,
707 2725 803 2773 iteruin
818 2741 842 2787 p.
854 2725 936 2774 derum
946 2741 969 2774 n.
985 2728 1071 2776 West.
1107 2731 1146 2779 M.
1166 2736 1245 2793 potero
1261 2741 1297 2790 pro

202 2789 304 2852 poterin.
320 2789 402 2838 Idem.
436 2793 496 2840 Tum
512 2805 535 2851 p.
548 2790 630 2837 torum
641 2804 664 2836 n.
698 2789 897 2838 Convenientins
910 2791 994 2838 versui
1007 2793 1070 2852 erit,
1088 2794 1110 2841 si
1131 2797 1204 2857 tegas
1217 2794 1298 2850 meree,

206 2860 236 2901 ut
247 2853 274 2900 in
283 2853 349 2901 libro
362 2855 423 2902 Bas.
437 2854 479 2902 Fa.
506 2853 597 2902 Nostri
608 2853 698 2901 derum.
709 2854 788 2901 Bent.
813 2853 853 2900 Itu
866 2862 892 2901 et
901 2855 947 2904 Br.
965 2855 1101 2919 itemtrrp.
1114 2858 1295 2920 homneDeipi.

203 2921 269 2965 aar
286 2918 322 2966 Di
334 2918 386 2967 tibi.
411 2917 450 2966 M.
468 2918 521 2966 Pru.
537 2918 573 2966 Di
588 2917 643 2966 titi.
666 2918 712 2966 Tr.
729 2918 781 2967 Gn.
793 2919 829 2966 Di
841 2918 887 2967 tibi
897 2933 984 2980 omnes,
994 2923 1055 2982 quod
1066 2927 1105 2969 est
1115 2923 1224 2984 digerere,
1232 2922 1296 2970 derint.

205 2983 269 3047 Wit.
282 2983 317 3030 Di
325 2983 372 3031 tibi
383 2997 460 3031 omnes
471 2983 506 3043 id,
515 2984 574 3045 quod
584 2986 619 3030 est
628 2982 735 3043 dignum,
745 2982 823 3031 duint.
851 2983 895 3030 Ita
906 2991 934 3031 et
946 2984 997 3033 Me.
1009 2985 1043 3034 G.
1058 2986 1109 3034 sed
1121 2990 1184 3048 qued
1193 2987 1297 3045 erdigrrer

205 3047 288 3108 magis
300 3045 436 3106 figuratum
449 3053 525 3096 vocat
536 3045 660 3095 Fne'rnns.
681 3046 758 3095 West.
792 3048 832 3095 Ex
846 3048 942 3096 nostris
960 3055 1014 3096 tres
1032 3050 1166 3111 primarii,
1182 3067 1205 3100 es
1221 3051 1297 3108 dignu

206 3111 284 3159 Bent.
317 3112 401 3174 Neque
420 3126 463 3172 ego
479 3116 547 3160 recto
567 3111 683 3160 Bothius.
716 3111 781 3160 GM.
799 3116 824 3159 te
841 3126 887 3174 pro
905 3112 959 3160 tiirr'.
993 3115 1157 3176 Estdignnm
1173 3116 1238 3164 Peri.
1247 3114 1302 3174 inp·

205 3179 271 3222 -36
288 3176 359 3224 Nunc
370 3181 451 3223 contro
461 3177 539 3223 omnia
549 3176 609 3235 tec,
620 3175 734 3237 Repperi,
743 3175 784 3237 qui
793 3177 841 3224 det.
858 3175 897 3224 ci.
914 3176 1071 3240 Wielingins
1084 3181 1230 3244 distinguit,
1239 3191 1297 3236 nere,

205 3243 297 3297 eontra,
319 3240 396 3287 emnia
412 3241 461 3287 inec
480 3240 591 3302 Repperi.
625 3240 689 3286 Mss.
706 3239 787 3299 varie,
804 3254 867 3288 nene
882 3241 961 3289 omnin
984 3246 1071 3291 contre
1094 3246 1208 3308 Repperi.
1237 3245 1298 3292 neec

206 3305 288 3347 eontra
306 3304 384 3348 omnia
396 3303 508 3364 Repperi.
541 3304 613 3350 Nune
628 3307 719 3362 eontra,
735 3304 812 3352 omnin
823 3304 934 3366 Repperi.
963 3306 1017 3356 ΕΡ.
1039 3308 1118 3358 Nune
1135 3316 1217 3358 eontra
1233 3305 1298 3355 omniu

206 3363 316 3427 Repperi.
349 3365 461 3413 Videtur
479 3371 565 3413 entem
583 3373 709 3429 praestnre
720 3367 800 3416 lectio
813 3370 934 3431 vulgatu
951 3383 1010 3419 nam
1029 3383 1058 3420 et
1078 3375 1118 3424 its
1129 3373 1240 3436 Adelph.
1251 3387 1268 3420 1.
1279 3374 1302 3418 l.

208 3432 247 3478 19.
263 3428 353 3477 itidem
372 3429 505 3478 absolute:
521 3430 585 3478 ‘iiie
605 3438 705 3492 contre,
721 3431 778 3485 haec
795 3432 897 3482 omnin!
930 3435 1010 3484 Volet
1028 3435 1123 3501 igitur,
1138 3437 1203 3486 'Arri
1220 3436 1298 3485 rodier

205 3491 306 3543 rede-een.
323 3495 405 3543 West.
423 3495 494 3542 Nune
511 3500 593 3543 eontra
609 3495 693 3543 omniu.
726 3496 867 3546 Bembinus
879 3497 952 3547 addit
968 3500 995 3548 in
1014 3498 1079 3563 fine,
1092 3518 1234 3566 pronomen
1244 3504 1297 3554 neu

207 3559 286 3623 aliqui
304 3560 347 3608 aiii
368 3573 469 3624 quoqne
490 3561 516 3609 id
532 3560 638 3621 habent,
651 3560 696 3608 sed
714 3562 764 3609 alia
783 3562 952 3612 collocatione
964 3566 1052 3614 versui
1074 3565 1294 3632 repugnantem.

207 3625 290 3674 Recte
301 3624 364 3672 neec:
382 3640 446 3674 unns
464 3639 495 3673 err
515 3626 611 3674 nostris
630 3626 680 3673 nee
698 3626 792 3674 omnia.-
810 3641 825 3674 a
841 3628 938 3677 ceteris
954 3628 1005 3677 tae
1028 3629 1115 3681 ebert.
1148 3634 1200 3682 Sed
1222 3630 1296 3680 distin·

207 3703 268 3751 gne,
279 3690 357 3749 Nunc,
367 3696 448 3738 eontra
458 3689 534 3737 omnin
546 3690 604 3750 inec,
617 3689 729 3751 Repperi,
737 3691 777 3752 pui
787 3693 835 3741 det.
851 3691 928 3741 Bent.
958 3693 1045 3742 Ornnin
1057 3696 1110 3746 iuer
1120 3696 1224 3760 Repperi
1234 3693 1294 3745 uon

208 3753 372 3804 Nenenentrn
382 3755 459 3803 omnin
470 3754 573 3817 Repperi
590 3755 634 3802 Br.
667 3754 853 3819 Pniliriterrtem,
858 3756 968 3822 flenterrr,
977 3763 1002 3807 et
1017 3759 1085 3808 nitri!
1092 3760 1226 3821 ferentem:
1240 3771 1294 3816 rere,

703 3901 810 3952 NOTAE

241 3998 272 4042 tr
290 3997 373 4060 Neque
383 3997 566 4060 eramentu]
583 3995 698 4047 Irridens
709 3999 735 4048 id
775 4014 832 4049 mur
847 4001 896 4049 hnc
914 4001 1007 4051 amoris
1024 3969 1293 4069 distenderentur

210 4068 246 4118 ait
267 4072 357 4121 Dorio.
395 4074 454 4124 Hoc
477 4081 562 4124 antem
585 4076 635 4124 sibi
657 4077 731 4126 vuit:
775 4091 831 4128 enm
842 4078 984 4143 poterimus
996 4080 1062 4142 pati.

209 4160 364 4211 magnopere
382 4151 484 4203 scilicet
498 4166 545 4217 ego
562 4156 590 4202 et
603 4157 631 4201 tn
640 4150 733 4204 efficie-
