2678 4694
322 306 639 354 nsnuronrrnon.
661 306 745 355 ner.
767 307 794 354 1.
816 307 869 356 sc.
892 308 918 355 1.
1100 292 1163 358 551

65 449 219 528 Quaesoi
242 447 323 531 quid
339 447 381 512 de
393 453 426 513 te
441 453 568 513 tentum
584 449 754 520 meruisti?
800 448 873 512 Mn.
896 447 1027 551 Eheu!¹

64 551 131 615 Gn.
156 550 214 615 Ne
238 550 407 633 lacryma:
440 558 540 633 etque
565 550 663 628 istuc,
690 550 851 634 quicquid
879 559 943 629 est,
968 551 1022 616 lec
1044 572 1097 616 me
1127 558 1163 618 ut

66 708 72 716 ,
193 671 317 716 sciam.
859 711 863 715 ,

67 753 122 818 Ne
136 755 258 817 retice:
283 773 325 816 ue
335 770 471 816 verere:
492 751 604 831 crede,
618 752 765 836 inquam,
779 752 871 831 milri,

64 854 137 920 Aut
151 855 369 932 consolando,
383 862 441 918 aui
456 855 607 933 consilio,
622 864 681 920 aut
694 875 728 919 m
737 855 869 938 juvero.
1152 916 1156 923 .

62 955 140 1021 Mn.
163 957 259 1020 Scire
282 956 347 1020 hoc
370 957 447 1020 vist
491 956 559 1021 CH.
582 957 662 1022 Hac
687 959 828 1041 quidem.
850 976 965 1035 causa,
994 978 1064 1041 qua
1086 959 1157 1022 dixi

192 1058 267 1122 tibi.
333 1114 338 1121 .
1117 1063 1162 1126 36

63 1157 139 1220 Mn.
163 1157 312 1222 Dicetur.
356 1157 424 1221 Cn.
446 1155 496 1222 At
510 1159 598 1224 istos
612 1166 735 1224 rastros
750 1161 871 1226 interea
884 1168 998 1227 temen

59 1257 224 1343 Appone:
245 1278 287 1322 ne
302 1257 428 1322 labora.
471 1259 546 1325 Mn.
569 1260 721 1326 Minime.
757 1261 825 1326 Cn.
850 1262 1042 1341 Quemrem
1059 1267 1158 1348 ogisi

60 1359 137 1422 Mn.
161 1359 242 1423 Sine
256 1380 310 1423 me
324 1361 477 1426 vacivom
493 1371 629 1446 tempus
644 1365 788 1446 nequod
805 1364 896 1427 duim
912 1365 992 1430 mihi

59 1461 215 1526 Imboris.
271 1462 338 1526 Cn.
371 1462 450 1526 Non
480 1465 601 1542 sinam,
638 1465 786 1548 iuquam.
853 1464 925 1529 Mn.
956 1465 1029 1530 Ah!
1078 1468 1158 1533 Non

193 1581 330 1645 oequum
344 1560 440 1628 fecis.

56 1772 107 1815 tum
117 1767 179 1814 mele
188 1767 217 1816 de
227 1773 251 1820 tr
261 1767 379 1828 menidi,
387 1773 415 1816 st
426 1772 507 1816 terrm
513 1766 606 1831 perdite
616 1767 728 1834 afflicter?
760 1770 816 1818 Mn.
834 1770 902 1820 Eleu
913 1786 948 1820 me
958 1772 1085 1822 mm!
1105 1771 1159 1822 Cn.

59 1831 118 1879 Noli
125 1831 208 1894 stere3
219 1832 264 1891 suc
283 1837 310 1880 ut
326 1831 411 1879 scium:
430 1832 494 1880 istud
511 1832 621 1894 quicquid
638 1838 684 1894 est,
702 1832 752 1882 stoli
770 1836 863 1892 celure;
878 1850 908 1884 ne
926 1836 991 1898 time,
1010 1836 1070 1884 milti
1081 1837 1158 1900 fidem

55 1894 130 1943 lube:
146 1895 226 1943 leucio
244 1901 267 1943 le
283 1895 326 1943 lurc
344 1895 460 1953 molestia,
477 1901 519 1944 ortt
535 1898 712 1945 consclctionem
722 1900 806 1953 dando,
818 1903 859 1946 cul
870 1901 1016 1961 consulendo,
1028 1906 1070 1948 urst
1081 1903 1158 1963 reipsa

56 1959 332 2020 lidioprmmrieccrdo.
365 1960 421 2008 Mn.
443 1960 487 2009 Vis
504 1959 565 2008 scire
581 1961 638 2021 quid
654 1962 696 2009 lroc
714 1967 765 2010 ert?
798 1963 850 2010 Cu.
868 1963 909 2012 lta
919 1969 982 2012 certe
992 1965 1052 2025 nolo,
1062 1971 1158 2026 propter

55 2019 118 2072 ten
128 2036 232 2082 casnm,
243 2038 311 2086 quom
328 2023 373 2072 tint
384 2024 447 2085 dixi,
458 2024 566 2072 videlice
581 2029 608 2072 ut
624 2025 746 2084 rejecere.
779 2027 835 2074 Μι.
854 2027 955 2075 Dicetur
965 2028 1018 2077 titi.
1053 2028 1105 2078 Cn.
1121 2028 1158 2079 As

55 2087 236 2147 interimunt
253 2089 326 2146 dices,
344 2089 430 2150 drpm
446 2089 502 2136 iilos
520 2093 618 2137 resim.
653 2089 709 2137 Μι.
726 2089 830 2139 Minime
846 2103 897 2138 rum
914 2093 1067 2153 depositurus.
1102 2093 1156 2143 Cu.

57 2150 97 2201 Ne
116 2151 224 2200 luborcre
238 2166 341 2214 pergen
357 2152 415 2214 quid
430 2153 484 2213 egis
498 2157 522 2200 le
538 2152 574 2200 itu
590 2155 744 2202 macerando?
776 2155 831 2202 Mn.
850 2155 938 2204 Petere
950 2170 986 2203 me
1004 2155 1118 2216 homere,
1129 2163 1156 2217 sl

54 2216 120 2264 trullo
131 2229 178 2263 non
189 2221 290 2279 tempere
299 2216 377 2264 ludere
386 2230 423 2265 nte
431 2231 557 2266 emarcum.
592 2217 644 2266 Cu.
663 2217 720 2265 Non
729 2218 819 2280 purior,
829 2217 931 2280 reptem.
964 2220 1020 2269 Mu.
1032 2219 1073 2268 ,ln
1080 2220 1094 2268 !
1109 2220 1157 2269 init

55 2289 99 2343 que
109 2281 175 2342 egis,
186 2280 227 2344 psi
238 2280 297 2329 mint
307 2280 424 2331 laboranti
435 2280 596 2344 impedimento
606 2282 649 2330 sis.
682 2282 735 2331 Cu.
753 2282 826 2333 ΗΜ(
840 2283 940 2348 onum,
955 2289 1005 2332 lem
1017 2285 1156 2347 pendam

55 2568 191 2642 Chremes,
207 2579 343 2642 repetend.
361 2594 417 2629 esse
435 2593 468 2627 ex
491 2595 529 2630 vs.
547 2584 588 2630 26.
612 2587 620 2608 ⁴
641 2580 682 2628 rel
703 2591 817 2641 monere,
835 2579 875 2626 vel
894 2577 1058 2642 percontari?
1075 2583 1153 2632 Bent.

54 2643 392 2706 omitt.eet[pcstlcl›oris].
424 2644 475 2692 Sed
489 2645 528 2692 bis
540 2644 651 2705 positum
662 2659 733 2691 more
745 2642 848 2691 videtur
858 2643 993 2692 Terentii!
1005 2646 1073 2694 Peri.
1110 2647 1154 2696 Est

54 2709 155 2758 emittit
168 2722 270 2772 quoqne
282 2708 360 2756 Both.
392 2708 477 2758 ‘Quis
497 2722 546 2755 non
564 2708 721 2769 indignetur,
738 2706 805 2753 hunc
823 2721 857 2754 vr.
875 2707 979 2769 Gnyeto
990 2709 1103 2771 spurium
1117 2712 1153 2759 vi-

54 2774 123 2831 deri,
141 2780 171 2822 et
180 2771 304 2822 Terentio
316 2772 466 2831 indiguum?
499 2772 619 2819 Boeclero
631 2771 719 2818 itidem
736 2783 826 2832 porum
841 2770 901 2819 boni
915 2786 1004 2820 sensns
1019 2773 1077 2822 hinc
1094 2775 1152 2824 elici

54 2837 234 2903 possevinum.
266 2837 395 2896 Muretus,
405 2836 448 2884 cni
459 2834 587 2884 sententie
602 2834 664 2883 setis
684 2840 776 2897 aperte
794 2847 845 2880 non
861 2841 928 2894 erat,
945 2849 1046 2884 sensum
1067 2845 1153 2887 temen

54 2899 171 2966 feliciter
188 2897 333 2964 expressit?
353 2901 427 2950 Wert.
468 2899 514 2949 Br.
533 2899 604 2948 Perl.
625 2899 685 2961 Bip.
706 2897 783 2946 Both.
803 2897 1032 2958 interrogationem
1054 2910 1154 2963 ponunt

55 2975 117 3030 post
136 2966 196 3015 muli
214 2969 258 3027 est,
273 2973 302 3013 et
321 2965 444 3014 omittunt
456 2973 514 3026 post
528 2965 685 3020 Quaen—31
704 2959 823 3025 Gnyetns
841 2968 871 3010 ut
891 2962 972 3011 hianti
989 2965 1075 3012 versui
1096 2979 1152 3014 suc·

53 3039 152 3091 currat,
171 3023 314 3079 romald?
339 3028 415 3078 Elsers.
448 3028 496 3076 Vir
515 3029 642 3089 eruditus,
666 3025 811 3088 ‘merenti'
827 3023 921 3089 iuquit,
937 3028 1008 3076 ‘nou
1025 3028 1153 3079 eliditnrl·

54 3093 162 3151 timum?
196 3093 292 3142 Foedis
305 3107 366 3142 sane
389 3091 495 3142 curandi
518 3094 597 3142 ratio:
615 3091 661 3141 sed
682 3106 715 3140 ex
738 3099 794 3139 arte
816 3105 923 3140 necesse
946 3100 986 3140 est
1013 3099 1041 3142 ut
1062 3092 1152 3146 elidat.

53 3160 133 3211 Arrun
157 3158 242 3207 aenne
264 3164 359 3218 tentat,
375 3153 502 3206 merenti?
549 3158 614 3206 nnec
633 3157 688 3205 nu.
730 3154 797 3204 eane
817 3154 893 3212 nnn,
916 3155 938 3204 st
959 3127 1026 3205 nien
1043 3159 1087 3208 nc
1104 3175 1152 3223 pm

52 3224 123 3275 bono
142 3222 250 3284 dactylo
269 3221 365 3270 veniet.
398 3224 438 3269 Tu
457 3221 567 3284 corrige,
585 3220 656 3270 olel.-
673 3226 702 3269 et
720 3220 779 3268 vide
800 3233 845 3268 nos
863 3220 896 3267 ud
913 3220 1065 3271 Eunuchum
1076 3237 1116 3273 ιν.
1127 3230 1152 3286 4.

53 3293 94 3339 ll.
122 3288 196 3337 Beue.
250 3286 399 3334 lectionem
422 3286 534 3334 Bentleii
562 3285 627 3333 dent
648 3284 719 3334 Perl.
742 3283 820 3333 Both.
853 3283 885 3331 ln
907 3282 948 3334 ed.
971 3285 1033 3349 Bip.
1057 3289 1152 3350 legitur

54 3352 111 3413 Hert
121 3351 171 3400 noi.
183 3350 249 3400 GM.
263 3350 338 3406 eheur
354 3350 397 3399 ubi
408 3365 463 3412 sup.
475 3350 565 3411 script.
575 3348 749 3398 dolende-33
766 3347 852 3396 Prusa
863 3347 904 3396 hic
917 3348 1092 3413 interpunctio
1104 3361 1153 3415 est,

52 3430 85 3467 ex
96 3414 166 3469 false
177 3413 395 3477 interpretatione
410 3421 478 3462 neta.
513 3414 637 3476 Repoue:
656 3412 696 3462 Ne
713 3414 845 3462 reticeres
863 3426 957 3462 umere:
973 3417 1039 3464 crede
1058 3416 1152 3480 inquom

53 3481 122 3536 nihi.
156 3477 208 3529 Aut
218 3494 239 3527 c.
256 3479 397 3527 Bene-3⁵
414 3479 492 3539 Vulg.
507 3478 551 3525 lice
565 3493 634 3526 censu
645 3477 822 3540 equidem-36
839 3477 894 3526 Cn.
911 3478 968 3526 istor
984 3485 1073 3527 rastros
1085 3515 1092 3528 .
1103 3513 1110 3529 .
1122 3514 1150 3532 ..

51 3545 138 3608 dqrorie
157 3544 228 3606 vulg.
244 3543 303 3591 ‘Ex
322 3556 372 3590 om.
384 3541 447 3592 libb.
458 3542 549 3605 script.
560 3542 628 3604 lege,
638 3547 663 3590 at
679 3541 744 3591 istos.
774 3538 813 3588 Ex
825 3540 899 3590 Bem.
911 3556 973 3590 rere
985 3551 1012 3590 et
1023 3545 1152 3607 plerisque

52 3600 121 3672 eliis,
135 3608 249 3658 maxime
269 3605 390 3669 antiquis,
407 3621 512 3669 oppone:
530 3607 598 3670 qnod
619 3605 687 3655 idern
705 3601 825 3668 estquod
840 3605 944 3690 depono!
962 3607 1007 3655 Fe.
1041 3608 1152 3658 ‘Nostri

53 3671 164 3734 omues,'
181 3670 265 3733 inquit
275 3670 351 3718 Bent.
369 3675 411 3718 ‘cl
420 3671 496 3728 istos3
512 3680 540 3719 et
552 3685 584 3718 ex
596 3670 633 3718 eis
645 3671 763 3719 meliores
773 3684 868 3732 eppone.
911 3668 1149 3724 nutritorem.

54 3727 110 3787 Tudi
120 3743 181 3800 post
192 3735 294 3784 Dicetur
310 3739 334 3783 2.
348 3738 371 3784 3.
388 3734 456 3783 lbid.
476 3734 550 3784 obest
568 3739 593 3782 ct
610 3738 635 3785 2.
655 3734 754 3784 Tantum
775 3739 917 3796 protomart
935 3737 1022 3781 1.-38
1040 3734 1150 3788 Quidum

52 3798 119 3862 Mes.
130 3807 160 3853 et
171 3799 236 3849 editi
247 3799 304 3862 [Br.
315 3797 358 3860 Ζ.]
369 3814 419 3848 uon
431 3805 573 3862 agnoscunt
583 3799 612 3846 τὸ
622 3814 667 3849 me.
683 3801 764 3848 West.
796 3799 804 3825 ‘
814 3797 859 3848 Vs.
878 3798 919 3847 hic
937 3796 1007 3846 nullo
1018 3797 1103 3860 modo,
1121 3809 1151 3852 ut

52 3865 157 3929 quidem
177 3878 246 3913 nunc
266 3863 370 3925 legitur,
386 3863 528 3913 sustentari
547 3870 650 3926 potest:
677 3863 797 3912 mendum
816 3860 895 3912 estin
915 3861 1029 3912 dictione
1045 3878 1152 3928 numum,

52 3930 126 3994 cujus
136 3931 194 3980 loco
205 3929 280 3977 Bem.
290 3927 380 3976 hebuit
390 3928 502 3988 meroen,
512 3928 578 3991 quod
592 3935 683 3990 postea
694 3923 857 3977 emendatum
869 3932 911 3975 est
920 3926 945 3974 in
956 3927 1069 3992 cedson,
1081 3932 1149 3993 quod

51 3992 118 4048 idern
131 3993 251 4058 estquod
262 4006 379 4050 vacuum
395 4007 452 4055 quae
472 3992 551 4041 dictio
568 4007 584 4040 a
603 3993 697 4041 Plauto
716 3995 855 4054 usurpatur
873 3991 898 4037 in
918 3991 1063 4043 Pseudolo:
1080 3995 1151 4047 ‘Fac

51 4059 86 4111 siu
97 4059 202 4109 vacivus
219 4056 349 4109 Pseudolo
367 4054 564 4106 aedisuurinm.’'
585 4055 629 4106 tn.
664 4056 754 4104 ‘Bene
771 4054 813 4103 nie
828 4047 903 4104 Beni.
915 4056 1026 4108 nemnem.
1049 4059 1149 4111 -Nostri

52 4137 260 4186 putrescemus.
291 4117 731 4187 Mntsruut‚utcetere‚magistri.’
746 4118 820 4186 Beni.
851 4120 899 4170 Br.
918 4118 951 4170 G.
969 4120 1023 4174 ET.
1040 4131 1069 4174 et
1085 4126 1148 4183 ΕΜ.
