2678 4694
114 317 180 384 630
487 324 518 373 r.
542 322 724 373 rnnnnnrr
749 322 838 371 arur

116 487 241 557 Verum
256 492 293 551 ut
308 483 492 549 simulares.
538 482 606 547 Cn.
630 483 709 547 Non
725 501 799 546 moa
813 480 855 546 ’st
868 480 1050 546 simulatio.

118 592 173 658 Ita
186 596 223 654 tu
237 589 335 652 istaec
351 591 409 650 tua
421 583 576 663 misceto,
585 602 628 647 ne
643 603 695 647 me
709 582 909 648 admisceas.
1170 584 1212 648 35

118 686 225 774 Egon'
240 687 295 753 cui
309 687 447 750 daturus
462 704 526 748 non
540 703 626 761 snm,
641 692 680 749 ut
695 684 728 749 ei
742 683 1000 767 despondeant

119 787 402 861 anclanetum.
446 783 514 850 Cu.
536 783 688 849 Minime.
732 785 798 850 ὃν.
820 784 911 850 Scite
922 791 1054 871 potarat
1067 786 1153 852 lieri.

120 894 167 960 Fa
176 911 239 975 ego
252 890 328 968 boc,
340 891 422 974 quia
436 887 561 952 dudum
578 895 615 952 tu
630 894 803 972 tantopere
814 888 979 972 jusseras,

121 993 173 1059 Ea
200 993 300 1075 coepi.
342 982 425 1055 Cu.
463 987 581 1055 Credo.
640 991 704 1055 Sr.
741 988 900 1054 Ceterum
934 989 1091 1074 equidem
1117 992 1212 1066 istuc,

253 1093 404 1169 Chreme,

122 1196 227 1280 AEqui
241 1194 387 1275 bonique
400 1191 503 1256 facio.
547 1188 614 1256 (in.
637 1190 744 1275 Atqui
760 1212 836 1257 cum
852 1210 1008 1257 maxume
1174 1192 1215 1258 40

121 1298 214 1363 Volo
230 1304 264 1361 te
279 1295 358 1358 dare
370 1312 518 1376 operam,
533 1300 571 1356 ut
586 1293 656 1369 fiat,
670 1313 783 1357 verum
794 1295 862 1358 alia
879 1295 943 1360 via.

118 1400 188 1467 'sn
212 1399 308 1464 Fiat:
331 1399 498 1480 quaeratur
513 1395 622 1459 aliud:
646 1394 705 1462 sed
722 1395 817 1473 illud,
833 1396 923 1479 quod
939 1397 1001 1460 tibi

123 1502 208 1568 Dixi
223 1500 265 1565 de
281 1506 426 1581 argento,
442 1497 532 1580 quod
546 1498 612 1561 ista
626 1497 726 1560 debat
741 1497 916 1574 Bacchidi,

117 1602 168 1671 'ld
182 1621 271 1666 nunc
285 1599 489 1665 reddendum
503 1596 547 1662 'st
560 1598 632 1662 illi:
653 1617 762 1680 neque
778 1604 814 1663 tu
830 1598 959 1663 scilicet

124 1705 177 1772 Eo
192 1722 282 1767 nunc
294 1700 485 1781 confugias:
508 1698 600 1777 Quid
614 1700 712 1763 meai
736 1718 815 1763 num
828 1700 941 1764 datum
955 1699 1039 1764 mihi
1051 1705 1126 1766 esti
1173 1693 1217 1765 ’45

44 1875 47 1881 ,
126 1805 220 1872 Num
230 1801 342 1888 jussit
365 1821 443 1865 num
454 1800 513 1865 illa
526 1801 744 1884 oppignerare
756 1801 861 1866 filiam

125 1907 254 1982 Meam,
270 1923 321 1966 me
335 1903 452 1977 invito,
468 1901 600 1984 potuit?
624 1922 737 1965 verum
752 1902 848 1979 illud,
863 1900 1016 1979 Chreme,

127 2009 266 2082 Dicunt,
281 2004 304 2069 J
307 2024 348 2068 us
363 2022 526 2067 summum
541 2022 634 2086 saepe
651 2022 781 2067 summa
793 2005 920 2068 malitia
932 2013 993 2069 est.

128 2211 155 2260 in
164 2228 259 2263 mmm
269 2216 347 2274 dares,
365 2211 589 2276 smnnntflngeres
601 2216 624 2259 le
643 2208 760 2259 anunm.
793 2213 846 2262 Cn.
865 2213 921 2262 Non
939 2217 974 2263 est
990 2228 1066 2264 neum
1084 2219 1143 2280 qnid
1152 2217 1219 2266 dnu-

128 2277 193 2326 lare:
213 2283 240 2326 tn
251 2277 464 2336 miscetosallacias
472 2282 496 2324 st
505 2278 600 2325 technas
606 2280 659 2324 tuas
668 2290 694 2323 eo
703 2279 770 2324 modo
781 2282 807 2324 et
817 2291 864 2325 non
874 2292 910 2326 me
918 2279 956 2327 nis
965 2279 1134 2331 intermisceas.
1155 2280 1220 2331 Visne

128 2345 157 2388 st
166 2342 318 2403 despondeant
328 2355 402 2388 meam
411 2341 492 2404 filiam
504 2340 528 2386 in
539 2353 636 2387 amorem
647 2339 678 2397 ei,
690 2340 729 2387 cai
746 2342 803 2390 dare
816 2340 887 2392 nolo?
919 2342 967 2393 Sr.
987 2343 1118 2395 Credeboas
1134 2353 1158 2396 te
1168 2345 1221 2394 selle

128 2403 251 2463 idsaeere.
285 2405 339 2452 (ln.
355 2402 467 2451 Minime.
500 2402 548 2451 Su.
566 2403 596 2451 ld
606 2402 904 2470 spitiliterpoteratfieri:
924 2413 948 2457 et
966 2421 1010 2468 ego
1020 2408 1073 2457 ideo
1090 2425 1157 2458 maus
1173 2422 1221 2459 sun

129 2468 312 2528 metesinum,
321 2468 428 2530 quonum
439 2467 475 2515 ita
485 2466 599 2515 instanter
609 2466 746 2524 idjntebas.
773 2471 827 2518 Crr.
846 2471 940 2522 creua,
961 2470 1010 2521 Sir.
1025 2472 1075 2523 Sed
1082 2480 1156 2534 certe,
1164 2474 1221 2528 nere,

115 2531 195 2580 ··s·stua
205 2532 266 2595 aqui
277 2532 451 2594 boniquecausa
457 2531 533 2589 sacia.
568 2531 621 2580 Crr.
639 2531 672 2578 At
684 2544 737 2579 seso
748 2526 832 2583 deinde
841 2536 891 2582 nolo
902 2541 925 2584 te
934 2550 1077 2601 summopere
1095 2540 1185 2597 conam,
1198 2542 1221 2584 et

125 2594 225 2654 fallacia
241 2596 379 2645 intendatur
389 2597 415 2644 in
426 2597 608 2652 Menedemum
629 2609 709 2642 ceram
728 2598 778 2643 toto
797 2599 823 2645 ia
832 2598 894 2662 steri
914 2600 961 2648 alio
978 2603 1053 2650 modo.
1086 2602 1136 2652 Su.
1153 2602 1222 2652 Fut:

130 2660 193 2709 alites
203 2662 283 2710 modas
298 2661 460 2721 excoffltetnr:
476 2660 517 2708 sed
533 2659 593 2707 illua
604 2660 664 2721 quod
675 2659 718 2707 tibi
729 2660 782 2708 dixi
793 2664 822 2711 de
840 2669 947 2724 urgento,
966 2666 1026 2726 quod
1047 2666 1169 2780 istacpgta
1186 2669 1222 2713 m

130 2725 199 2774 debet
207 2725 333 2784 Bacchidi,
344 2730 466 2788 propterea
477 2725 537 2786 quod
548 2724 570 2772 ei
586 2724 740 2786 oppignerata
754 2724 817 2784 suit,
827 2726 892 2775 atad
902 2734 1027 2789 argentum
1039 2731 1092 2780 Bac
1125 2731 1131 2744 ⁸
1147 2731 1157 2779 ἱ
1173 2743 1213 2795 per

131 2790 321 2839 soluendamest:
331 2794 438 2853 nequens
449 2790 560 2837 nindrum
577 2802 684 2837 recurres
694 2789 759 2837 adid
773 2795 912 2854 protentus,
923 2793 1028 2856 linenda,
1046 2794 1113 2850 Quid
1123 2809 1175 2844 msa
1190 2795 1223 2842 is·

131 2851 223 2904 teresti
233 2869 289 2904 nam
299 2854 358 2903 mibi
368 2854 483 2904 creditam
493 2851 548 2902 est?
563 2867 620 2900 num
629 2852 739 2900 mandavi
750 2858 776 2901 ut
786 2856 899 2904 claram?
914 2872 969 2905 num
979 2873 1038 2906 anus
1046 2859 1138 2919 trojus
1147 2858 1224 2908 babuit

132 2919 206 2967 dandi
208 2919 289 2983 filiam
299 2933 373 2967 meam
383 2917 481 2981 pignori
495 2931 531 2964 sne
546 2914 658 2966 nolente?
693 2918 716 2963 0
729 2917 847 2980 Chremes,
856 2934 936 2968 cerum
945 2927 982 2970 est
991 2914 1067 2985 istud,
1087 2924 1150 2987 qaod
1159 2925 1224 2984 selgo

134 2981 223 3032 nicam
229 2999 240 3041 ,·
255 2982 411 3043 nimiasjnris
420 2981 488 3042 rigor
498 2993 558 3042 sape
568 2980 640 3028 nimis
646 2985 738 3042 pugnat
748 2997 800 3030 casn
808 2983 929 3047 aquitae.
956 2985 1014 3037 Cn.
1022 2987 1081 3037 Nos
1090 2988 1223 3051 andagium

590 3135 771 3158 enuoomn

134 3259 204 3319 msto,
224 3261 251 3306 ut
270 3257 335 3306 illam
352 3255 389 3304 iili
403 3256 487 3305 mssa:
517 3255 548 3306 V.
563 3269 586 3305 ιι.
602 3271 621 3305 s.
654 3257 710 3305 Non
728 3262 826 3306 meumst
842 3272 862 3307 s.
896 3257 1032 3321 Improbat
1049 3259 1130 3310 Both.
1147 3268 1175 3311 el
1191 3263 1224 3311 le·

136 3323 190 3386 git:
215 3322 394 3383 inperpetuum
416 3320 482 3369 iilum
500 3326 526 3369 nt
544 3320 566 3368 ei
582 3321 801 3370 dares....meanr
819 3328 855 3371 est
870 3322 996 3372 amneio.
1023 3322 1071 3373 nr.
1090 3331 1224 3389 perpetuas

135 3387 238 3437 dicebam
249 3391 275 3433 st
285 3387 350 3434 illam
357 3384 394 3434 illi
404 3385 481 3434 dares.
515 3387 522 3413 ‘
535 3384 616 3435 Codri.
628 3386 708 3435 Bent.
719 3400 807 3434 omnes
818 3393 938 3449 perpetuo.
973 3387 1041 3439 Quii
1062 3402 1089 3437 se
1099 3404 1172 3439 more
1183 3405 1224 3448 sno

136 3450 239 3501 codices
251 3451 364 3512 neglexit
379 3449 440 3498 serio
459 3448 548 3499 fictum
564 3450 611 3497 sibi
629 3449 797 3512 recipiendo?
814 3450 948 3501 Peri—³4
965 3403 1060 3502 Gneld.)
1068 3455 1094 3502 8.
1110 3455 1224 3505 amalae.

133 3518 142 3546 ⁴
153 3515 301 3578 [legendnm
311 3522 351 3563 est
362 3520 487 3563 nonmeam
495 3521 529 3563 est
541 3513 660 3562 ammata
670 3515 824 3563 ntrueliores
835 3515 895 3563 libri
904 3514 1011 3573 habent,
1020 3516 1046 3564 in
1054 3516 1225 3568 deterioribus

134 3581 232 3644 legitur
242 3595 287 3628 non
298 3594 350 3628 mea
359 3585 393 3628 est
403 3577 538 3627 amantio?
557 3578 591 3626 R,-
602 3579 701 3628 D.-a⁵
720 3579 776 3627 ΕΡ.
792 3593 869 3628 nona
888 3580 973 3629 noscit
987 3580 1076 3644 silua.
1087 3581 1183 3634 Buend.
1201 3589 1225 3631 et

136 3645 194 3694 ΕΑ.
211 3646 345 3694 admisceto.
378 3642 450 3693 Libri
462 3643 575 3706 quidum,
592 3647 620 3691 nt
630 3658 668 3703 ne,
680 3641 749 3705 quod
761 3643 870 3705 probunt
904 3658 945 3693 or.
956 3651 984 3692 et
996 3643 1065 3707 Guy·
1086 3645 1224 3696 wera-et

127 3711 192 3771 'Ego
203 3710 280 3760 Both.
293 3708 365 3757 Perl.
376 3708 406 3757 Z.
440 3708 551 3756 Nonsien
562 3707 877 3773 Br.Bip.Bcth.Delpb.
903 3709 982 3769 Egon.
992 3707 1118 3759 Guelta.
1143 3711 1225 3761 Sient.

136 3778 201 3822 -38
216 3772 302 3823 Abest
312 3778 340 3821 tis
357 3774 447 3821 2-89
466 3771 518 3820 libi
536 3769 629 3833 quidem
651 3778 711 3833 post
729 3776 833 3820 ulnam
851 3776 942 3821 a.—40
958 3772 1036 3834 Atqui
1051 3777 1102 3822 tuns
1121 3775 1224 3824 mesina

129 3837 211 3885 Bam.
220 3854 288 3900 qnam
295 3837 412 3886 maxime:
429 3849 478 3896 ego
488 3835 546 3896 lego
558 3849 610 3883 casn
620 3851 652 3884 ns.
665 3835 833 3885 usitstissimo
844 3834 964 3900 Antiqnis
977 3836 1083 3886 dicendi
1092 3839 1185 3888 modo:
1200 3843 1226 3887 ut

138 3907 166 3948 et
174 3900 252 3950 habet
263 3903 293 3950 V.
305 3909 332 3950 et
342 3899 455 3949 habebut
466 3900 507 3948 Vi.
522 3899 566 3948 Fa.
583 3899 686 3948 ‘Etiam
695 3913 727 3948 ex
736 3899 830 3948 nostris
839 3901 1056 3949 veterrimoscsus
1065 3902 1143 3952 mas?
1153 3903 1224 3954 Bsnl.

137 3964 184 4012 Br.
200 3963 284 4028 Atqui.
307 3967 367 4014 Tum
385 3968 514 4013 snm-es
531 3962 608 4026 ang.
633 3963 699 4012 Dixi
716 3964 746 4012 de
761 3968 869 4025 argento,
885 3964 955 4028 quod
973 3964 1102 4016 balbutire
1124 3975 1175 4019 est.
1204 3966 1226 4015 Α

139 4027 266 4089 scriptore
284 4028 342 4089 fnit,
363 4030 387 4077 ni
408 4028 493 4089 fallor,
509 4027 730 4088 Dixidargenlam.
748 4026 825 4075 Botn.
846 4028 890 4090 qui
909 4027 990 4092 igitur
1008 4029 1087 4092 legit,
1099 4031 1227 4094 Argestm

139 4091 263 4141 atat-45
278 4093 407 4154 Confugias
426 4090 513 4142 Guelf.
525 4096 615 4141 2.—-47
633 4093 710 4139 Beni.
731 4091 835 4152 reponit
855 4105 917 4143 sere.
951 4092 995 4140 lte
1017 4100 1045 4143 et
1063 4094 1136 4146 Peri.
1157 4095 1225 4146 Both.

141 4156 270 4220 vulgatum
282 4159 439 4208 tamenleet.
456 4172 545 4221 caum,
562 4154 682 4206 defendit
701 4155 905 4208 Rabuleius-48
921 4157 1030 4209 Malitia.
1064 4159 1096 4210 lu
1115 4160 1173 4211 aliis
1191 4163 1227 4208 est
