2678 4694
115 290 186 371 ¹742
490 318 521 364 r.
544 310 726 363 urrunnu
750 310 841 362 nrnr

116 462 205 530 Saue
219 462 283 527 bac
297 461 403 524 multo
418 459 557 544 propius
571 457 649 535 ibis,
661 463 696 521 et
709 457 820 522 minor
834 448 886 520 esi
899 444 1032 520 erratio.
1116 442 1120 447 ’
1196 445 1199 451 ’

117 563 208 632 Sciu'
223 562 361 640 Cratini,
376 561 475 646 hujus
491 561 583 639 ditis,
599 560 716 626 aedesl
763 560 833 627 Du·
854 558 947 624 Scio.
992 558 1060 625 Su.
1076 556 1146 622 Ubi
1158 577 1208 623 eas

246 664 458 748 praeterieris,

117 767 173 833 Ad
188 768 359 833 sinistram
371 765 435 832 hac
450 770 542 830 recta
557 764 693 847 platea:
715 766 774 829 ubi
790 764 833 830 ad
848 764 972 829 Diau're
985 762 1132 838 veneris,

116 868 172 934 Ito
187 869 230 932 ad
246 866 415 932 dextram:
438 867 635 951 priusquam
650 866 693 930 ad
709 873 839 950 portam
853 866 983 941 venias,
1000 861 1094 945 apud
1107 863 1209 944 ipsum

244 969 357 1033 lacum
447 1024 453 1040 ,

119 1069 184 1135 Est
197 1070 352 1154 pistrilla,
379 1072 413 1132 et
438 1066 661 1132 exadvorsum
687 1068 832 1133 fabrica:
855 1068 903 1132 ibi
926 1072 986 1132 est.
1032 1067 1104 1130 Du.
1126 1063 1211 1143 Quid

249 1172 296 1235 ibi
311 1171 421 1235 faciti
1173 1168 1212 1230 45
1256 1173 1259 1206 ²

119 1275 185 1340 Su.
208 1273 365 1337 Lectulos
380 1273 413 1336 iu
429 1272 501 1336 sole
516 1271 628 1354 ilignis
642 1271 785 1354 pedibus
801 1268 979 1335 faciundas
995 1261 1103 1334 dedit.

120 1377 191 1441 Du.
215 1374 284 1439 Ubi
300 1372 431 1457 *potetis
459 1373 541 1438 rosi
586 1374 654 1438 Su.
676 1372 768 1438 Bene
792 1392 883 1438 sane.
928 1372 998 1438 Du.
1022 1373 1093 1439 Sed
1123 1391 1213 1438 cesso

249 1477 382 1541 adeum
397 1495 543 1558 pergere.
1047 1504 1051 1511 ·

120 1659 187 1711 sirm:
205 1661 231 1709 in
247 1659 365 1724 porticum
375 1659 461 1708 iterum
471 1660 603 1718 regredere.
636 1657 699 1706 Sans
710 1658 753 1706 lroo
770 1656 1000 1721 compendiosiores!
1011 1657 1060 1718 oio,
1071 1662 1096 1707 el
1106 1653 1215 1722 diffieidu

120 1723 136 1773 i
152 1725 191 1773 oio
209 1725 341 1773 obeuntur.
373 1724 455 1772 Seisrre
471 1723 512 1772 oti
530 1725 611 1771 domus
624 1723 703 1786 posilo
722 1722 818 1772 Cratini
833 1721 902 1783 irrina
915 1720 1055 1783 locupletis?
1085 1721 1141 1770 'Dru
1157 1720 1214 1770 Seio.

121 1788 170 1837 Su.
192 1787 239 1836 Ubi
255 1803 307 1836 eom
326 1787 459 1848 transieris,
474 1789 505 1835 od
523 1787 643 1835 sinistram
664 1785 699 1834 iio
712 1801 756 1850 per·
771 1791 860 1836 rectam
873 1787 933 1834 irone
946 1788 1068 1848 pluteum:
1085 1788 1175 1850 quando
1190 1784 1216 1831 ni

120 1846 212 1900 Dionoe
221 1853 294 1900 eedem
305 1851 405 1912 ueneris,
416 1851 495 1910 confer
506 1855 530 1898 ie
541 1853 571 1898 od
587 1852 704 1910 dextrum,
719 1851 856 1914 prinsquam
866 1852 999 1913 aripertum
1009 1850 1077 1899 urbis
1091 1849 1214 1914 peruenire,

121 1915 184 1977 ripaei
194 1917 271 1978 iprrrm
285 1917 360 1964 laeum
370 1920 406 1963 esi
414 1915 542 1977 pistrinum
552 1928 659 1977 parvum,
669 1921 740 1977 olqne
751 1930 781 1963 en
791 1914 895 1978 opposito
898 1913 966 1973 sobri
976 1915 1079 1974 lignarii
1090 1917 1180 1980 officina
1188 1911 1217 1960 ili

46 2023 48 2026 ,
122 1985 167 2030 est.
199 1979 251 2028 Du.
270 1978 547 2038 Quilibifueillllitiol
579 1981 626 2027 Su.
643 1979 922 2028 Lestobrdiscubilorior
931 1977 1216 2039 oomooernisfslcris,ir

122 2044 205 2106 oribus
215 2043 257 2092 sab
268 2045 315 2093 sole
325 2049 437 2105 coenetur,
446 2045 609 2092 comlrnendos
626 2043 720 2091 bened.
754 2045 806 2092 De.
827 2043 876 2092 Ubi
886 2043 974 2091 scilieet
983 2045 1120 2106 potationes
1130 2041 1215 2092 celebre·

121 2108 171 2159 tis:
188 2109 284 2172 egregio
294 2115 369 2166 certer
387 2110 428 2158 sed
443 2108 514 2157 nimir
523 2121 610 2171 moror,
620 2107 783 2170 onominnsod
793 2123 845 2157 eunr
858 2107 905 2156 iter·
920 2122 1045 2170 peragam.
1081 2109 1131 2159 Sr.
1146 2109 1215 2166 Perge

122 2357 229 2408 videtur
240 2358 282 2407 rel
293 2355 417 2422 ἆμόμιημα
431 2355 570 2417 μνημονικὸν
580 2357 728 2416 scribentis,
746 2357 788 2406 rel
806 2369 878 2406 error
893 2356 1091 2419 librariorum
1108 2352 1214 2426 quislib.

123 2436 176 2472 ru.
189 2427 239 2485 est,
251 2422 283 2470 ld
297 2424 391 2485 quidem
400 2422 559 2484 angiportum.
577 2423 724 2470 Wart—db
741 2423 803 2471 Nou
815 2437 879 2485 opus
891 2437 949 2471 curn
960 2421 1032 2487 Guy.
1044 2424 1135 2487 legere
1146 2422 1214 2472 Seno

123 2486 248 2549 bominem,
259 2487 299 2547 ise.
317 2486 462 2534 West-dl
480 2485 543 2534 Sene
561 2487 634 2533 multo
648 2500 687 2549 pr.
705 2487 760 2548 boe,
770 2492 794 2535 el
804 2487 882 2536 minor
890 2486 924 2534 ibi
935 2491 972 2535 est
982 2488 1074 2537 erratio
1085 2488 1214 2537 Bolb-li

123 2549 191 2600 Soin’
204 2551 309 2611 Cratini,
321 2549 468 2611 injustitiis,
479 2549 552 2612 redes]
569 2549 612 2597 lta
622 2549 763 2612 distinguo.
795 2551 823 2600 Si
835 2550 902 2599 enirn
913 2552 921 2578 ‘
931 2549 1028 2614 hujur'
1043 2553 1078 2600 ad
1097 2548 1215 2602 ‘Cratini'

124 2616 277 2675 referretur,
287 2615 355 2679 qnod
367 2613 397 2663 fit
409 2614 496 2677 vulgo,
514 2627 620 2662 necesse
638 2621 716 2670 esset,
735 2615 819 2678 digito
838 2615 976 2663 monstrari
994 2629 1083 2679 posse,
1103 2617 1146 2680 qni
1159 2627 1213 2664 nuuc

144 2681 214 2730 rooul
225 2670 367 2729 habitabat.
401 2679 495 2727 Sensus
508 2679 587 2741 igitur
599 2684 655 2727 est:
672 2678 743 2727 Sciu’
755 2680 824 2728 aedes
834 2679 935 2728 Cratini
947 2679 1016 2728 illius
1028 2678 1134 2730 divitis?
1151 2680 1213 2729 Wert.

123 2695 172 2794 fir.
187 2750 215 2794 et
234 2743 294 2794 edd.
315 2758 373 2808 quae
393 2756 474 2807 penes
493 2757 539 2791 nos
558 2750 618 2791 runt
636 2758 688 2792 uon
708 2744 871 2806 distinguunt
882 2751 943 2792 unte
955 2743 1213 2794 rocem‘aeder.’-li

128 2802 248 2873 Templo'rn
265 2816 325 2871 post
341 2806 472 2857 ‘Dianre'
489 2806 577 2856 Grrelf.
597 2811 622 2856 8.
669 2808 883 2870 Supplemeutum
903 2808 1067 2872 interpretis.
1096 2809 1214 2858 Peri-ll

125 2874 228 2923 Portorn
238 2871 326 2922 Guelf.
339 2877 363 2922 3.
374 2877 402 2920 et
413 2871 446 2920 ab
457 2871 540 2920 altera
556 2886 634 2920 manu
644 2871 711 2920 illum
722 2887 769 2934 pro
781 2873 865 2934 ipsum.
882 2871 924 2922 Id.
953 2873 1006 2921 Dat
1016 2874 1063 2922 Br.
1081 2874 1122 2922 llo
1132 2874 1161 2922 nd
1169 2873 1215 2921 deo·

124 2944 201 2988 terens
216 2930 353 3000 priorprior
363 2937 395 2985 od
409 2941 503 2999 portam
513 2936 600 2985 oenias.
611 2938 673 2998 opud
684 2937 769 2999 ipsum,
784 2939 886 2998 isse-45
905 2937 952 2984 Est
962 2937 1071 2999 pistrilla
1082 2945 1106 2986 el
1117 2937 1216 2987 exodror·

124 3017 177 3052 oum
186 3001 335 3064 erlsabrieo]
352 3000 446 3051 Nullus
456 3000 474 3049 Ι.
489 3015 509 3047 s.
520 3001 600 3049 babet
612 3000 718 3048 verbum
730 3008 765 3050 est
777 2999 889 3050 secundo
910 3001 975 3049 loco.
993 3002 1041 3050 Fa.
1078 3003 1170 3066 Neque
1180 3011 1215 3047 uo·

126 3066 175 3116 stri
187 3065 282 3114 babent
292 3069 336 3114 erl.
352 3064 430 3113 Bent.
462 3065 509 3113 Est
525 3065 636 3113 medinm
647 3064 710 3115 dont
721 3065 752 3113 Z.
765 3065 859 3128 Delph.
871 3064 931 3128 Bip.
965 3067 1008 3114 Ex
1027 3068 1127 3115 aduerso
1139 3060 1214 3117 Guell.

126 3133 215 3179 1.-16
231 3129 311 3193 Multi
323 3129 388 3177 Mas.
398 3134 427 3177 et
436 3127 564 3191 impressi,
575 3143 634 3178 cum
648 3130 703 3178 ΕΡ.
720 3130 822 3192 iligneis.
856 3128 898 3178 Its
919 3135 946 3178 et
968 3131 1016 3179 Pr.
1033 3131 1102 3182 Inrt.
1113 3132 1214 3181 Granum.

125 3193 171 3242 111).
183 3206 215 3241 ιι.
226 3193 278 3240 Ms.
290 3192 362 3255 lips.
371 3191 470 3253 iligneis
479 3193 577 3255 pedibas
586 3194 613 3240 in
624 3195 678 3243 sole.
712 3194 755 3245 Jo.
769 3194 894 3255 Clericus,
906 3192 966 3243 Art.
979 3195 1044 3245 crit.
1055 3210 1102 3244 ιιι.
1116 3200 1139 3245 1.
1150 3198 1172 3244 6.
1183 3196 1216 3241 il.

126 3257 192 3320 legit
203 3256 314 3304 Locinlos
324 3255 376 3304 illie
386 3256 486 3317 salignis
494 3258 547 3319 ped.
558 3258 641 3306 west.
666 3258 780 3320 [ligneis]
793 3261 867 3308 Bern.
879 3258 970 3319 ilignis.
993 3260 1136 3322 Virgilius:
1147 3258 1216 3307 ‘Cur

127 3317 227 3370 rentem
239 3320 324 3383 ilignis
340 3327 431 3384 potare
450 3320 583 3369 canalibus
602 3321 714 3372 undam?
731 3323 778 3372 Fo.
811 3323 903 3372 Nostri
922 3337 1011 3372 omnes
1028 3325 1134 3382 iligneis.
1150 3324 1218 3372 Beni.

127 3385 224 3447 liiignis
235 3386 308 3435 Bern.
342 3385 452 3447 llligneis
462 3384 527 3434 GM.
560 3385 659 3447 ligneis
670 3386 760 3438 Guelf.
779 3391 802 3436 ³.
825 3388 892 3438 Peri.
925 3387 1028 3449 lligneis
1048 3389 1162 3437 Bn-rr
1179 3385 1218 3434 Uli

123 3450 214 3514 potetis
223 3449 276 3526 ror]
289 3448 353 3498 Haec
365 3450 392 3498 in
403 3451 469 3500 Mes.
480 3451 608 3499 nonnullis
617 3451 683 3513 Syro
695 3451 860 3512 tribuuutrrr;
872 3450 917 3500 sed
930 3457 956 3500 et
968 3452 994 3499 in
1008 3452 1161 3516 quibusdam
1172 3449 1217 3500 edi·

127 3514 293 3580 tionibnssrn
305 3513 399 3581 quibus
418 3519 459 3563 est
474 3513 530 3565 EA.
541 3520 569 3564 et
586 3515 660 3565 lunt.
694 3516 778 3567 Iidem
789 3516 861 3566 Libri
872 3517 1018 3580 sequentia,
1029 3518 1099 3567 Bene
1109 3532 1171 3577 sons,
1180 3514 1218 3564 tri·

619 3630 730 3681 NOTAE

138 3725 142 3734 '
160 3730 191 3776 le
208 3726 248 3777 Ar
259 3726 349 3776 Dinnoe
362 3727 465 3791 veneris]
484 3727 527 3778 Sic
538 3727 655 3778 obsolute
696 3729 761 3792 signi
773 3727 928 3792 aqrraednctu
945 3727 1132 3789 memorabilis,
1143 3731 1171 3775 ut
1181 3723 1218 3787 qui

128 3789 261 3866 (licebant,
273 3815 325 3854 nou
337 3801 600 3866 addiio‘templum.’
696 3821 711 3854 a
733 3803 931 3868 quadragesimo
957 3802 1061 3852 milliari
1088 3804 1115 3855 in
1137 3801 1217 3851 urben

160 3882 192 3927 11
207 3878 280 3941 Apud
290 3879 368 3941 ipsam
377 3878 464 3942 heom]
483 3881 565 3929 Laorrs
577 3879 655 3928 etiam
696 3880 776 3929 fuerit
796 3879 946 3942 perductus,
959 3893 1039 3941 opere
1051 3886 1158 3929 arcuato
1168 3886 1216 3925 ιιι-

128 3959 189 4002 runt
211 3955 378 4015 receptacula
400 3968 485 4018 aqrrae,
505 3954 537 4002 ad
557 3968 655 4019 aquan-
696 3964 731 4005 tae
760 3955 916 4017 altitudinis,
938 3956 1017 4004 utin
1044 3967 1134 4006 omues
1154 3953 1218 4002 urbis

128 4025 198 4089 dnm,
213 4033 259 4076 sut
271 4028 410 4076 larundam
425 4027 554 4091 deducta,
566 4032 655 4094 quales
695 4038 795 4080 montes
806 4029 885 4079 facile
894 4029 1106 4082 distribueretur.
1128 4028 1218 4080 Plinius

127 4103 203 4177 inulti
213 4103 302 4155 Rornae
319 4102 599 4171 suerunt,anurtins,
617 4106 656 4157 in·
691 4106 741 4157 lib.
753 4118 854 4157 xxxvi.
866 4110 975 4172 capii.
