<?xml version="1.0" encoding="UTF-8"?>
<!DOCTYPE html PUBLIC "-//W3C//DTD XHTML 1.0 Transitional//EN"
    "http://www.w3.org/TR/xhtml1/DTD/xhtml1-transitional.dtd">
<html xmlns="http://www.w3.org/1999/xhtml" xml:lang="en" lang="en">
 <head>
  <title>
</title>
<meta http-equiv="Content-Type" content="text/html;charset=utf-8" />
  <meta name='ocr-system' content='tesseract 3.04.00' />
  <meta name='ocr-capabilities' content='ocr_page ocr_carea ocr_par ocr_line ocrx_word'/>
</head>
<body>
  <div class='ocr_page' id='page_1' title='image "./comoedisex01westgoog_0298.png"; bbox 0 0 2678 4694; ppageno 0'>
   <div class='ocr_carea' id='block_1_1' title="bbox 390 326 1224 398">
    <p class='ocr_par' dir='ltr' id='par_1_1' title="bbox 390 326 1224 398">
     <span class='ocr_line' id='line_1_1' title="bbox 390 326 1224 398; baseline 0.006 -5"><span class='ocrx_word' id='word_1_1' title='bbox 390 345 651 395; x_wconf 74' lang='lat' dir='ltr'><strong>nannenonon</strong></span> <span class='ocrx_word' id='word_1_2' title='bbox 676 346 758 397; x_wconf 77' lang='lat' dir='ltr'><strong>aar.</strong></span> <span class='ocrx_word' id='word_1_3' title='bbox 775 347 811 395; x_wconf 87' lang='lat' dir='ltr'><strong>v.</strong></span> <span class='ocrx_word' id='word_1_4' title='bbox 834 346 887 396; x_wconf 88' lang='lat' dir='ltr'><strong>sc.</strong></span> <span class='ocrx_word' id='word_1_5' title='bbox 905 346 990 396; x_wconf 90' lang='lat' dir='ltr'><strong>v111.</strong></span> <span class='ocrx_word' id='word_1_6' title='bbox 1158 326 1224 398; x_wconf 78' lang='lat'><strong>789</strong></span> 
     </span>
    </p>
   </div>
   <div class='ocr_carea' id='block_1_2' title="bbox 128 486 1223 778">
    <p class='ocr_par' dir='ltr' id='par_1_2' title="bbox 128 486 1223 778">
     <span class='ocr_line' id='line_1_2' title="bbox 128 486 1223 565; baseline 0.007 -14"><span class='ocrx_word' id='word_1_7' title='bbox 128 486 239 565; x_wconf 80' lang='lat' dir='ltr'><strong>Quod</strong></span> <span class='ocrx_word' id='word_1_8' title='bbox 258 486 393 554; x_wconf 88' lang='lat' dir='ltr'><strong>nimium</strong></span> <span class='ocrx_word' id='word_1_9' title='bbox 409 489 452 553; x_wconf 91' lang='lat' dir='ltr'><strong>ad</strong></span> <span class='ocrx_word' id='word_1_10' title='bbox 469 510 536 554; x_wconf 90' lang='lat' dir='ltr'><strong>rem</strong></span> <span class='ocrx_word' id='word_1_11' title='bbox 558 492 591 555; x_wconf 91' lang='lat' dir='ltr'><strong>in</strong></span> <span class='ocrx_word' id='word_1_12' title='bbox 614 496 750 556; x_wconf 80' lang='lat' dir='ltr'><strong>senecta</strong></span> <span class='ocrx_word' id='word_1_13' title='bbox 764 492 880 556; x_wconf 83' lang='lat' dir='ltr'><strong>attenti</strong></span> <span class='ocrx_word' id='word_1_14' title='bbox 895 510 1030 556; x_wconf 88' lang='lat' dir='ltr'><strong>sumus:</strong></span> <span class='ocrx_word' id='word_1_15' title='bbox 1053 493 1138 558; x_wconf 88' lang='lat' dir='ltr'><strong>hanc</strong></span> <span class='ocrx_word' id='word_1_16' title='bbox 1153 513 1223 559; x_wconf 88' lang='lat' dir='ltr'><strong>ma-</strong></span> 
     </span>
     <span class='ocr_line' id='line_1_3' title="bbox 264 588 561 655; baseline 0.007 -2"><span class='ocrx_word' id='word_1_17' title='bbox 264 588 373 654; x_wconf 88' lang='lat' dir='ltr'><strong>culam</strong></span> <span class='ocrx_word' id='word_1_18' title='bbox 387 609 448 654; x_wconf 86' lang='lat' dir='ltr'><strong>noe</strong></span> <span class='ocrx_word' id='word_1_19' title='bbox 462 590 561 655; x_wconf 89' lang='lat' dir='ltr'><strong>decet</strong></span> 
     </span>
     <span class='ocr_line' id='line_1_4' title="bbox 130 689 1050 778; baseline 0.001 -25"><span class='ocrx_word' id='word_1_20' title='bbox 130 689 306 774; x_wconf 85' lang='lat' dir='ltr'><strong>Effugere:</strong></span> <span class='ocrx_word' id='word_1_21' title='bbox 330 691 454 756; x_wconf 85' lang='lat' dir='ltr'><strong>dictum</strong></span> <span class='ocrx_word' id='word_1_22' title='bbox 470 699 521 756; x_wconf 88' lang='lat' dir='ltr'><strong>est</strong></span> <span class='ocrx_word' id='word_1_23' title='bbox 535 713 624 770; x_wconf 86' lang='lat' dir='ltr'><strong>vere,</strong></span> <span class='ocrx_word' id='word_1_24' title='bbox 639 697 672 757; x_wconf 89' lang='lat' dir='ltr'><strong>et</strong></span> <span class='ocrx_word' id='word_1_25' title='bbox 687 713 722 757; x_wconf 88' lang='lat' dir='ltr'><strong>re</strong></span> <span class='ocrx_word' id='word_1_26' title='bbox 736 692 812 777; x_wconf 88' lang='lat' dir='ltr'><strong>ipsa</strong></span> <span class='ocrx_word' id='word_1_27' title='bbox 826 691 897 758; x_wconf 87' lang='lat' dir='ltr'><strong>fieri</strong></span> <span class='ocrx_word' id='word_1_28' title='bbox 912 701 1050 778; x_wconf 87' lang='lat' dir='ltr'><strong>oportet.</strong></span> 
     </span>
    </p>
   </div>
   <div class='ocr_carea' id='block_1_3' title="bbox 130 759 1221 976">
    <p class='ocr_par' dir='ltr' id='par_1_3' title="bbox 130 759 1221 976">
     <span class='ocr_line' id='line_1_5' title="bbox 130 759 1221 956; baseline 0.009 -102"><span class='ocrx_word' id='word_1_29' title='bbox 130 789 444 956; x_wconf 47' lang='lat' dir='ltr'><strong>M1.Qtii1distict</strong></span> <span class='ocrx_word' id='word_1_30' title='bbox 479 794 619 872; x_wconf 87' lang='lat' dir='ltr'><strong>dabitur,</strong></span> <span class='ocrx_word' id='word_1_31' title='bbox 646 795 914 879; x_wconf 90' lang='lat' dir='ltr'><strong>quandoquidem</strong></span> <span class='ocrx_word' id='word_1_32' title='bbox 937 796 991 861; x_wconf 87' lang='lat' dir='ltr'><strong>hie</strong></span> <span class='ocrx_word' id='word_1_33' title='bbox 1017 798 1098 863; x_wconf 86' lang='lat' dir='ltr'><strong>volt.</strong></span> <span class='ocrx_word' id='word_1_34' title='bbox 1143 759 1221 864; x_wconf 72' lang='lat' dir='ltr'><strong>AES.</strong></span> 
     </span>
     <span class='ocr_line' id='line_1_6' title="bbox 303 893 443 976; baseline 0.007 -20"><span class='ocrx_word' id='word_1_35' title='bbox 303 893 443 976; x_wconf 87' lang='lat' dir='ltr'><strong>ipater!</strong></span> 
     </span>
    </p>
   </div>
   <div class='ocr_carea' id='block_1_4' title="bbox 131 992 1221 1084">
    <p class='ocr_par' dir='ltr' id='par_1_4' title="bbox 131 992 1221 1084">
     <span class='ocr_line' id='line_1_7' title="bbox 131 992 1221 1084; baseline 0.008 -28"><span class='ocrx_word' id='word_1_36' title='bbox 131 992 204 1058; x_wconf 87' lang='lat' dir='ltr'><strong>Dn.</strong></span> <span class='ocrx_word' id='word_1_37' title='bbox 227 993 328 1059; x_wconf 88' lang='lat' dir='ltr'><strong>Nunc</strong></span> <span class='ocrx_word' id='word_1_38' title='bbox 353 1001 388 1066; x_wconf 90' lang='lat' dir='ltr'><strong>tu</strong></span> <span class='ocrx_word' id='word_1_39' title='bbox 404 995 485 1061; x_wconf 89' lang='lat' dir='ltr'><strong>mihi</strong></span> <span class='ocrx_word' id='word_1_40' title='bbox 507 1015 544 1060; x_wconf 85' lang='lat' dir='ltr'><strong>es</strong></span> <span class='ocrx_word' id='word_1_41' title='bbox 569 1015 744 1078; x_wconf 82' lang='lat' dir='ltr'><strong>germanus</strong></span> <span class='ocrx_word' id='word_1_42' title='bbox 759 999 881 1081; x_wconf 88' lang='lat' dir='ltr'><strong>pariter</strong></span> <span class='ocrx_word' id='word_1_43' title='bbox 897 1018 1035 1084; x_wconf 87' lang='lat' dir='ltr'><strong>corpore</strong></span> <span class='ocrx_word' id='word_1_44' title='bbox 1052 1007 1085 1065; x_wconf 87' lang='lat' dir='ltr'><strong>et</strong></span> <span class='ocrx_word' id='word_1_45' title='bbox 1101 1002 1221 1067; x_wconf 87' lang='lat' dir='ltr'><strong>animo.</strong></span> 
     </span>
    </p>
   </div>
   <div class='ocr_carea' id='block_1_5' title="bbox 131 1095 1223 1282">
    <p class='ocr_par' dir='ltr' id='par_1_5' title="bbox 131 1095 1223 1282">
     <span class='ocr_line' id='line_1_8' title="bbox 261 1095 499 1161; baseline 0.004 -3"><span class='ocrx_word' id='word_1_46' title='bbox 261 1095 327 1159; x_wconf 84' lang='lat' dir='ltr'><strong>Mt.</strong></span> <span class='ocrx_word' id='word_1_47' title='bbox 350 1096 499 1161; x_wconf 83' lang='lat' dir='ltr'><strong>Gaudeo.</strong></span> 
     </span>
     <span class='ocr_line' id='line_1_9' title="bbox 131 1196 1223 1282; baseline 0.008 -23"><span class='ocrx_word' id='word_1_48' title='bbox 131 1196 200 1260; x_wconf 63' lang='grc' dir='ltr'><strong>ΒΕ,</strong></span> <span class='ocrx_word' id='word_1_49' title='bbox 225 1196 295 1261; x_wconf 88' lang='lat' dir='ltr'><strong>Suo</strong></span> <span class='ocrx_word' id='word_1_50' title='bbox 309 1199 374 1263; x_wconf 80' lang='lat' dir='ltr'><strong>sibi</strong></span> <span class='ocrx_word' id='word_1_51' title='bbox 387 1199 476 1264; x_wconf 88' lang='lat' dir='ltr'><strong>hune</strong></span> <span class='ocrx_word' id='word_1_52' title='bbox 490 1198 603 1282; x_wconf 86' lang='lat' dir='ltr'><strong>gladio</strong></span> <span class='ocrx_word' id='word_1_53' title='bbox 613 1199 743 1282; x_wconf 86' lang='lat' dir='ltr'><strong>jugulo.</strong></span> <span class='ocrx_word' id='word_1_54' title='bbox 1177 1203 1223 1269; x_wconf 84' lang='lat'><strong>35</strong></span> 
     </span>
    </p>
   </div>
   <div class='ocr_carea' id='block_1_6' title="bbox 125 1413 1219 1729">
    <p class='ocr_par' dir='ltr' id='par_1_6' title="bbox 128 1413 1219 1479">
     <span class='ocr_line' id='line_1_10' title="bbox 128 1413 1219 1479; baseline 0.004 -17"><span class='ocrx_word' id='word_1_55' title='bbox 128 1413 233 1463; x_wconf 57' lang='lat' dir='ltr'><strong>omia</strong></span> <span class='ocrx_word' id='word_1_56' title='bbox 242 1419 288 1477; x_wconf 84' lang='lat' dir='ltr'><strong>eat,</strong></span> <span class='ocrx_word' id='word_1_57' title='bbox 306 1417 366 1479; x_wconf 77' lang='lat' dir='ltr'><strong>qaod</strong></span> <span class='ocrx_word' id='word_1_58' title='bbox 376 1417 407 1466; x_wconf 86' lang='lat' dir='ltr'><strong>ad</strong></span> <span class='ocrx_word' id='word_1_59' title='bbox 421 1430 472 1465; x_wconf 77' lang='lat' dir='ltr'><strong>raeti</strong></span> <span class='ocrx_word' id='word_1_60' title='bbox 484 1417 510 1465; x_wconf 81' lang='lat' dir='ltr'><strong>ia</strong></span> <span class='ocrx_word' id='word_1_61' title='bbox 521 1421 638 1466; x_wconf 75' lang='lat' dir='ltr'><strong>aeaeetate</strong></span> <span class='ocrx_word' id='word_1_62' title='bbox 649 1417 788 1465; x_wconf 75' lang='lat' dir='ltr'><strong>attentiores</strong></span> <span class='ocrx_word' id='word_1_63' title='bbox 797 1430 892 1465; x_wconf 76' lang='lat' dir='ltr'><strong>remae:</strong></span> <span class='ocrx_word' id='word_1_64' title='bbox 908 1417 967 1466; x_wconf 78' lang='lat' dir='ltr'><strong>iaaac</strong></span> <span class='ocrx_word' id='word_1_65' title='bbox 977 1419 1067 1479; x_wconf 75' lang='lat' dir='ltr'><strong>colpam</strong></span> <span class='ocrx_word' id='word_1_66' title='bbox 1077 1419 1167 1468; x_wconf 77' lang='lat' dir='ltr'><strong>evitare</strong></span> <span class='ocrx_word' id='word_1_67' title='bbox 1177 1433 1219 1467; x_wconf 77' lang='lat' dir='ltr'><strong>aaa</strong></span> 
     </span>
    </p>

    <p class='ocr_par' dir='ltr' id='par_1_7' title="bbox 127 1479 1219 1544">
     <span class='ocr_line' id='line_1_11' title="bbox 127 1479 1219 1544; baseline 0.004 -18"><span class='ocrx_word' id='word_1_68' title='bbox 127 1482 235 1540; x_wconf 73' lang='lat' dir='ltr'><strong>operm.-</strong></span> <span class='ocrx_word' id='word_1_69' title='bbox 259 1479 365 1529; x_wconf 83' lang='lat' dir='ltr'><strong>doeoere</strong></span> <span class='ocrx_word' id='word_1_70' title='bbox 382 1481 499 1544; x_wconf 79' lang='lat' dir='ltr'><strong>prolatam</strong></span> <span class='ocrx_word' id='word_1_71' title='bbox 518 1486 561 1543; x_wconf 79' lang='lat' dir='ltr'><strong>eet,</strong></span> <span class='ocrx_word' id='word_1_72' title='bbox 580 1487 603 1530; x_wconf 86' lang='lat' dir='ltr'><strong>et</strong></span> <span class='ocrx_word' id='word_1_73' title='bbox 615 1482 693 1542; x_wconf 69' lang='lat' dir='ltr'><strong>reipsa</strong></span> <span class='ocrx_word' id='word_1_74' title='bbox 712 1481 753 1529; x_wconf 77' lang='lat' dir='ltr'><strong>itae</strong></span> <span class='ocrx_word' id='word_1_75' title='bbox 765 1480 831 1528; x_wconf 77' lang='lat' dir='ltr'><strong>notia</strong></span> <span class='ocrx_word' id='word_1_76' title='bbox 839 1483 1051 1543; x_wconf 67' lang='lat' dir='ltr'><strong>praeteritarum.</strong></span> <span class='ocrx_word' id='word_1_77' title='bbox 1084 1483 1219 1538; x_wconf 77' lang='lat' dir='ltr'><strong>n11.Qai·a</strong></span> 
     </span>
    </p>

    <p class='ocr_par' dir='ltr' id='par_1_8' title="bbox 127 1539 1219 1608">
     <span class='ocr_line' id='line_1_12' title="bbox 127 1539 1219 1608; baseline 0.003 -18"><span class='ocrx_word' id='word_1_78' title='bbox 127 1539 237 1592; x_wconf 66' lang='lat' dir='ltr'><strong>laceat?</strong></span> <span class='ocrx_word' id='word_1_79' title='bbox 255 1543 358 1603; x_wconf 78' lang='lat' dir='ltr'><strong>dabitur,</strong></span> <span class='ocrx_word' id='word_1_80' title='bbox 369 1547 459 1607; x_wconf 78' lang='lat' dir='ltr'><strong>quando</strong></span> <span class='ocrx_word' id='word_1_81' title='bbox 471 1545 561 1593; x_wconf 86' lang='lat' dir='ltr'><strong>Demea</strong></span> <span class='ocrx_word' id='word_1_82' title='bbox 574 1545 702 1608; x_wconf 61' lang='lat' dir='ltr'><strong>monuo.</strong></span> <span class='ocrx_word' id='word_1_83' title='bbox 736 1544 792 1592; x_wconf 85' lang='lat' dir='ltr'><strong>AEs.</strong></span> <span class='ocrx_word' id='word_1_84' title='bbox 813 1544 974 1608; x_wconf 79' lang='lat' dir='ltr'><strong>Omipater!</strong></span> <span class='ocrx_word' id='word_1_85' title='bbox 1006 1545 1057 1594; x_wconf 83' lang='lat' dir='ltr'><strong>De.</strong></span> <span class='ocrx_word' id='word_1_86' title='bbox 1075 1547 1145 1594; x_wconf 76' lang='lat' dir='ltr'><strong>Noae</strong></span> <span class='ocrx_word' id='word_1_87' title='bbox 1157 1547 1219 1595; x_wconf 78' lang='lat' dir='ltr'><strong>miti</strong></span> 
     </span>
    </p>

    <p class='ocr_par' dir='ltr' id='par_1_9' title="bbox 125 1608 1217 1729">
     <span class='ocr_line' id='line_1_13' title="bbox 125 1608 1217 1729; baseline 0.002 -72"><span class='ocrx_word' id='word_1_88' title='bbox 125 1619 295 1729; x_wconf 42' lang='lat' dir='ltr'><strong>wama</strong></span> <span class='ocrx_word' id='word_1_89' title='bbox 308 1609 398 1671; x_wconf 76' lang='lat' dir='ltr'><strong>pariter</strong></span> <span class='ocrx_word' id='word_1_90' title='bbox 408 1623 502 1674; x_wconf 70' lang='lat' dir='ltr'><strong>vapore</strong></span> <span class='ocrx_word' id='word_1_91' title='bbox 513 1614 536 1658; x_wconf 83' lang='lat' dir='ltr'><strong>et</strong></span> <span class='ocrx_word' id='word_1_92' title='bbox 548 1609 633 1658; x_wconf 73' lang='lat' dir='ltr'><strong>animo.</strong></span> <span class='ocrx_word' id='word_1_93' title='bbox 664 1609 714 1658; x_wconf 84' lang='lat' dir='ltr'><strong>Mt.</strong></span> <span class='ocrx_word' id='word_1_94' title='bbox 730 1608 761 1656; x_wconf 86' lang='lat' dir='ltr'><strong>Id</strong></span> <span class='ocrx_word' id='word_1_95' title='bbox 776 1610 875 1669; x_wconf 76' lang='lat' dir='ltr'><strong>gaudeo.</strong></span> <span class='ocrx_word' id='word_1_96' title='bbox 909 1609 958 1662; x_wconf 76' lang='lat' dir='ltr'><strong>Da.</strong></span> <span class='ocrx_word' id='word_1_97' title='bbox 977 1609 1145 1675; x_wconf 74' lang='lat' dir='ltr'><strong>Saitpropriia</strong></span> <span class='ocrx_word' id='word_1_98' title='bbox 1164 1611 1217 1660; x_wconf 85' lang='lat' dir='ltr'><strong>tetia</strong></span> 
     </span>
     <span class='ocr_line' id='line_1_14' title="bbox 199 1685 462 1722; baseline 0.008 -4"><span class='ocrx_word' id='word_1_99' title='bbox 199 1685 241 1718; x_wconf 78' lang='lat' dir='ltr'><strong>eoa</strong></span> <span class='ocrx_word' id='word_1_100' title='bbox 283 1686 315 1722; x_wconf 83' lang='lat' dir='ltr'><strong>eo.</strong></span> <span class='ocrx_word' id='word_1_101' title='bbox 455 1690 462 1701; x_wconf 91' lang='lat'><strong>·</strong></span> 
     </span>
    </p>
   </div>
   <div class='ocr_carea' id='block_1_7' title="bbox 587 1775 764 1798">
    <p class='ocr_par' dir='ltr' id='par_1_10' title="bbox 587 1775 764 1798">
     <span class='ocr_line' id='line_1_15' title="bbox 587 1775 764 1798; baseline 0.011 -3"><span class='ocrx_word' id='word_1_102' title='bbox 587 1775 764 1798; x_wconf 57' lang='lat' dir='ltr'><em>numum</em></span> 
     </span>
    </p>
   </div>
   <div class='ocr_carea' id='block_1_8' title="bbox 116 1905 1301 3234">
    <p class='ocr_par' dir='ltr' id='par_1_11' title="bbox 116 1905 1301 3234">
     <span class='ocr_line' id='line_1_16' title="bbox 123 1905 1218 1959; baseline 0.004 -5"><span class='ocrx_word' id='word_1_103' title='bbox 123 1909 178 1954; x_wconf 85' lang='lat' dir='ltr'><strong>tor.</strong></span> <span class='ocrx_word' id='word_1_104' title='bbox 194 1907 271 1955; x_wconf 77' lang='lat' dir='ltr'><strong>Beat.</strong></span> <span class='ocrx_word' id='word_1_105' title='bbox 298 1906 420 1954; x_wconf 72' lang='lat' dir='ltr'><strong>Postremo</strong></span> <span class='ocrx_word' id='word_1_106' title='bbox 437 1921 498 1956; x_wconf 82' lang='lat' dir='ltr'><strong>attae</strong></span> <span class='ocrx_word' id='word_1_107' title='bbox 516 1906 594 1956; x_wconf 84' lang='lat' dir='ltr'><strong>Both.</strong></span> <span class='ocrx_word' id='word_1_108' title='bbox 612 1905 747 1955; x_wconf 68' lang='lat' dir='ltr'><strong>Part-ao</strong></span> <span class='ocrx_word' id='word_1_109' title='bbox 765 1905 852 1954; x_wconf 82' lang='lat' dir='ltr'><strong>Gueit.</strong></span> <span class='ocrx_word' id='word_1_110' title='bbox 870 1910 894 1956; x_wconf 69' lang='grc'><strong>8.</strong></span> <span class='ocrx_word' id='word_1_111' title='bbox 911 1907 1069 1956; x_wconf 66' lang='lat' dir='ltr'><strong>atrata-31</strong></span> <span class='ocrx_word' id='word_1_112' title='bbox 1087 1908 1139 1957; x_wconf 87' lang='lat' dir='ltr'><strong>Ma.</strong></span> <span class='ocrx_word' id='word_1_113' title='bbox 1159 1908 1218 1959; x_wconf 81' lang='lat' dir='ltr'><strong>Pei.</strong></span> 
     </span>
     <span class='ocr_line' id='line_1_17' title="bbox 124 1968 1217 2034; baseline 0.005 -17"><span class='ocrx_word' id='word_1_114' title='bbox 124 1973 149 2019; x_wconf 72' lang='grc'><strong>3.</strong></span> <span class='ocrx_word' id='word_1_115' title='bbox 161 1970 229 2019; x_wconf 78' lang='lat' dir='ltr'><strong>ovidi</strong></span> <span class='ocrx_word' id='word_1_116' title='bbox 240 1983 286 2032; x_wconf 83' lang='lat' dir='ltr'><strong>pro</strong></span> <span class='ocrx_word' id='word_1_117' title='bbox 296 1971 399 2019; x_wconf 78' lang='lat' dir='ltr'><strong>attenti:</strong></span> <span class='ocrx_word' id='word_1_118' title='bbox 414 1978 441 2019; x_wconf 89' lang='lat' dir='ltr'><strong>at</strong></span> <span class='ocrx_word' id='word_1_119' title='bbox 453 1985 512 2020; x_wconf 87' lang='lat' dir='ltr'><strong>vero</strong></span> <span class='ocrx_word' id='word_1_120' title='bbox 524 1972 601 2032; x_wconf 73' lang='lat' dir='ltr'><strong>gloss.</strong></span> <span class='ocrx_word' id='word_1_121' title='bbox 613 1971 689 2031; x_wconf 81' lang='lat' dir='ltr'><strong>rapit.</strong></span> <span class='ocrx_word' id='word_1_122' title='bbox 702 1968 838 2018; x_wconf 74' lang='lat' dir='ltr'><strong>Peri-32</strong></span> <span class='ocrx_word' id='word_1_123' title='bbox 855 1971 924 2034; x_wconf 83' lang='lat' dir='ltr'><strong>Gay.</strong></span> <span class='ocrx_word' id='word_1_124' title='bbox 936 1980 963 2020; x_wconf 90' lang='lat' dir='ltr'><strong>et</strong></span> <span class='ocrx_word' id='word_1_125' title='bbox 980 1970 1101 2019; x_wconf 72' lang='lat' dir='ltr'>Heinsius</span> <span class='ocrx_word' id='word_1_126' title='bbox 1111 1972 1217 2034; x_wconf 82' lang='lat' dir='ltr'><strong>legunt:</strong></span> 
     </span>
     <span class='ocr_line' id='line_1_18' title="bbox 124 2033 1218 2096; baseline 0.004 -15"><span class='ocrx_word' id='word_1_127' title='bbox 124 2034 245 2096; x_wconf 77' lang='lat' dir='ltr'><strong>reipaaf.</strong></span> <span class='ocrx_word' id='word_1_128' title='bbox 255 2039 354 2096; x_wconf 78' lang='lat' dir='ltr'><strong>oportet,</strong></span> <span class='ocrx_word' id='word_1_129' title='bbox 363 2034 457 2082; x_wconf 83' lang='lat' dir='ltr'><strong>Micio:</strong></span> <span class='ocrx_word' id='word_1_130' title='bbox 490 2034 580 2083; x_wconf 84' lang='lat' dir='ltr'><strong>Habet</strong></span> <span class='ocrx_word' id='word_1_131' title='bbox 592 2041 676 2081; x_wconf 80' lang='lat' dir='ltr'><strong>antem</strong></span> <span class='ocrx_word' id='word_1_132' title='bbox 691 2033 812 2095; x_wconf 79' lang='lat' dir='ltr'><strong>repetitio</strong></span> <span class='ocrx_word' id='word_1_133' title='bbox 828 2035 937 2082; x_wconf 74' lang='lat' dir='ltr'><strong>nominis</strong></span> <span class='ocrx_word' id='word_1_134' title='bbox 949 2037 1093 2096; x_wconf 82' lang='lat' dir='ltr'><strong>elegantem</strong></span> <span class='ocrx_word' id='word_1_135' title='bbox 1106 2050 1177 2084; x_wconf 87' lang='lat' dir='ltr'><strong>naum</strong></span> <span class='ocrx_word' id='word_1_136' title='bbox 1190 2038 1218 2085; x_wconf 91' lang='lat' dir='ltr'><strong>in</strong></span> 
     </span>
     <span class='ocr_line' id='line_1_19' title="bbox 123 2097 1220 2160; baseline 0.004 -15"><span class='ocrx_word' id='word_1_137' title='bbox 123 2098 343 2159; x_wconf 70' lang='lat' dir='ltr'><strong>persuasionibus.</strong></span> <span class='ocrx_word' id='word_1_138' title='bbox 363 2099 439 2148; x_wconf 83' lang='lat' dir='ltr'><strong>Wett.</strong></span> <span class='ocrx_word' id='word_1_139' title='bbox 466 2099 563 2147; x_wconf 75' lang='lat' dir='ltr'><strong>Pierio.</strong></span> <span class='ocrx_word' id='word_1_140' title='bbox 576 2099 650 2146; x_wconf 79' lang='lat' dir='ltr'><strong>Micia</strong></span> <span class='ocrx_word' id='word_1_141' title='bbox 661 2099 738 2145; x_wconf 89' lang='lat' dir='ltr'><strong>Bent.</strong></span> <span class='ocrx_word' id='word_1_142' title='bbox 751 2097 830 2145; x_wconf 81' lang='lat' dir='ltr'><strong>Both·</strong></span> <span class='ocrx_word' id='word_1_143' title='bbox 844 2100 902 2160; x_wconf 83' lang='lat' dir='ltr'><strong>Btp.</strong></span> <span class='ocrx_word' id='word_1_144' title='bbox 916 2099 1011 2160; x_wconf 83' lang='lat' dir='ltr'><strong>Delph.</strong></span> <span class='ocrx_word' id='word_1_145' title='bbox 1040 2100 1075 2146; x_wconf 80' lang='lat' dir='ltr'><strong>Et</strong></span> <span class='ocrx_word' id='word_1_146' title='bbox 1085 2100 1173 2148; x_wconf 75' lang='lat' dir='ltr'><strong>dietam</strong></span> <span class='ocrx_word' id='word_1_147' title='bbox 1183 2105 1220 2149; x_wconf 85' lang='lat' dir='ltr'><strong>eat</strong></span> 
     </span>
     <span class='ocr_line' id='line_1_20' title="bbox 124 2160 1218 2227; baseline 0.003 -18"><span class='ocrx_word' id='word_1_148' title='bbox 124 2160 216 2210; x_wconf 72' lang='lat' dir='ltr'><strong>fineis.</strong></span> <span class='ocrx_word' id='word_1_149' title='bbox 223 2166 312 2210; x_wconf 68' lang='grc'><strong>8.-83</strong></span> <span class='ocrx_word' id='word_1_150' title='bbox 325 2161 516 2224; x_wconf 73' lang='lat' dir='ltr'><strong>Quandoquidem</strong></span> <span class='ocrx_word' id='word_1_151' title='bbox 524 2162 625 2210; x_wconf 77' lang='lat' dir='ltr'><strong>tierott.</strong></span> <span class='ocrx_word' id='word_1_152' title='bbox 642 2160 1014 2223; x_wconf 83' lang='lat' dir='ltr'><strong>LocutiotnagiaTerentiana‚</strong></span> <span class='ocrx_word' id='word_1_153' title='bbox 1023 2176 1098 2224; x_wconf 83' lang='lat' dir='ltr'><strong>quem</strong></span> <span class='ocrx_word' id='word_1_154' title='bbox 1107 2164 1218 2227; x_wconf 80' lang='lat' dir='ltr'><strong>illaqua-</strong></span> 
     </span>
     <span class='ocr_line' id='line_1_21' title="bbox 124 2224 1217 2289; baseline 0.003 -16"><span class='ocrx_word' id='word_1_155' title='bbox 124 2224 235 2274; x_wconf 84' lang='lat' dir='ltr'><strong>rnndam</strong></span> <span class='ocrx_word' id='word_1_156' title='bbox 255 2225 386 2284; x_wconf 83' lang='lat' dir='ltr'><strong>librorum,</strong></span> <span class='ocrx_word' id='word_1_157' title='bbox 400 2226 495 2274; x_wconf 74' lang='lat' dir='ltr'><strong>dabitur</strong></span> <span class='ocrx_word' id='word_1_158' title='bbox 514 2225 615 2289; x_wconf 77' lang='lat' dir='ltr'><strong>quidem,</strong></span> <span class='ocrx_word' id='word_1_159' title='bbox 634 2225 724 2287; x_wconf 79' lang='lat' dir='ltr'><strong>qaaado</strong></span> <span class='ocrx_word' id='word_1_160' title='bbox 743 2224 781 2272; x_wconf 83' lang='lat' dir='ltr'><strong>tio</strong></span> <span class='ocrx_word' id='word_1_161' title='bbox 802 2226 858 2274; x_wconf 83' lang='lat' dir='ltr'><strong>voit.</strong></span> <span class='ocrx_word' id='word_1_162' title='bbox 876 2224 956 2274; x_wconf 82' lang='lat' dir='ltr'><strong>Weat.</strong></span> <span class='ocrx_word' id='word_1_163' title='bbox 990 2225 1099 2288; x_wconf 81' lang='lat' dir='ltr'><strong>Quidem,</strong></span> <span class='ocrx_word' id='word_1_164' title='bbox 1117 2229 1217 2289; x_wconf 67' lang='lat' dir='ltr'><strong>quoda,</strong></span> 
     </span>
     <span class='ocr_line' id='line_1_22' title="bbox 123 2289 1218 2353; baseline 0.002 -15"><span class='ocrx_word' id='word_1_165' title='bbox 123 2289 207 2339; x_wconf 78' lang='lat' dir='ltr'><strong>nostri</strong></span> <span class='ocrx_word' id='word_1_166' title='bbox 225 2290 345 2340; x_wconf 78' lang='lat' dir='ltr'><strong>univerit.</strong></span> <span class='ocrx_word' id='word_1_167' title='bbox 362 2291 409 2339; x_wconf 77' lang='lat' dir='ltr'><strong>Fa.</strong></span> <span class='ocrx_word' id='word_1_168' title='bbox 420 2304 453 2338; x_wconf 87' lang='lat' dir='ltr'><strong>ex</strong></span> <span class='ocrx_word' id='word_1_169' title='bbox 466 2290 505 2338; x_wconf 85' lang='lat' dir='ltr'><strong>vt.</strong></span> <span class='ocrx_word' id='word_1_170' title='bbox 516 2290 607 2338; x_wconf 84' lang='lat' dir='ltr'><strong>metuit</strong></span> <span class='ocrx_word' id='word_1_171' title='bbox 622 2289 811 2350; x_wconf 65' lang='lat' dir='ltr'><strong>quondoquidem</strong></span> <span class='ocrx_word' id='word_1_172' title='bbox 826 2289 904 2339; x_wconf 92' lang='lat' dir='ltr'><strong>Bent.</strong></span> <span class='ocrx_word' id='word_1_173' title='bbox 921 2290 964 2353; x_wconf 88' lang='lat' dir='ltr'><strong>qui</strong></span> <span class='ocrx_word' id='word_1_174' title='bbox 973 2289 1011 2338; x_wconf 84' lang='lat' dir='ltr'><strong>aie</strong></span> <span class='ocrx_word' id='word_1_175' title='bbox 1022 2297 1105 2340; x_wconf 89' lang='lat' dir='ltr'><strong>totum</strong></span> <span class='ocrx_word' id='word_1_176' title='bbox 1118 2305 1218 2340; x_wconf 77' lang='lat' dir='ltr'><strong>veriam</strong></span> 
     </span>
     <span class='ocr_line' id='line_1_23' title="bbox 124 2353 1214 2417; baseline 0.005 -17"><span class='ocrx_word' id='word_1_177' title='bbox 124 2353 191 2417; x_wconf 76' lang='lat' dir='ltr'><strong>legit</strong></span> <span class='ocrx_word' id='word_1_178' title='bbox 203 2359 232 2402; x_wconf 88' lang='lat' dir='ltr'><strong>et</strong></span> <span class='ocrx_word' id='word_1_179' title='bbox 250 2354 394 2415; x_wconf 73' lang='lat' dir='ltr'><strong>conutituit,</strong></span> <span class='ocrx_word' id='word_1_180' title='bbox 416 2355 447 2410; x_wconf 85' lang='lat' dir='ltr'><strong>Q.</strong></span> <span class='ocrx_word' id='word_1_181' title='bbox 458 2354 531 2403; x_wconf 81' lang='lat' dir='ltr'><strong>iatiet</strong></span> <span class='ocrx_word' id='word_1_182' title='bbox 546 2357 570 2401; x_wconf 81' lang='lat' dir='ltr'><strong>d.</strong></span> <span class='ocrx_word' id='word_1_183' title='bbox 581 2353 683 2416; x_wconf 73' lang='lat' dir='ltr'><strong>quidem,</strong></span> <span class='ocrx_word' id='word_1_184' title='bbox 692 2355 781 2414; x_wconf 80' lang='lat' dir='ltr'><strong>qnando</strong></span> <span class='ocrx_word' id='word_1_185' title='bbox 792 2353 815 2402; x_wconf 78' lang='lat' dir='ltr'><strong>t.</strong></span> <span class='ocrx_word' id='word_1_186' title='bbox 826 2368 848 2402; x_wconf 84' lang='lat' dir='ltr'><strong>o.</strong></span> <span class='ocrx_word' id='word_1_187' title='bbox 859 2355 899 2403; x_wconf 85' lang='lat' dir='ltr'><strong>Mi</strong></span> <span class='ocrx_word' id='word_1_188' title='bbox 913 2360 988 2417; x_wconf 83' lang='lat' dir='ltr'><strong>pater.</strong></span> <span class='ocrx_word' id='word_1_189' title='bbox 1022 2355 1093 2402; x_wconf 80' lang='lat' dir='ltr'><strong>Nuria</strong></span> <span class='ocrx_word' id='word_1_190' title='bbox 1109 2361 1136 2404; x_wconf 82' lang='lat' dir='ltr'><strong>ta</strong></span> <span class='ocrx_word' id='word_1_191' title='bbox 1147 2356 1214 2406; x_wconf 77' lang='lat' dir='ltr'><strong>miti.</strong></span> 
     </span>
     <span class='ocr_line' id='line_1_24' title="bbox 122 2415 1216 2481; baseline 0.005 -16"><span class='ocrx_word' id='word_1_192' title='bbox 122 2417 170 2467; x_wconf 85' lang='lat' dir='ltr'><strong>Br.</strong></span> <span class='ocrx_word' id='word_1_193' title='bbox 187 2417 256 2474; x_wconf 79' lang='lat' dir='ltr'><strong>Quid</strong></span> <span class='ocrx_word' id='word_1_194' title='bbox 265 2415 344 2469; x_wconf 68' lang='lat' dir='ltr'><strong>istae?</strong></span> <span class='ocrx_word' id='word_1_195' title='bbox 360 2417 455 2467; x_wconf 75' lang='lat' dir='ltr'><strong>debitia</strong></span> <span class='ocrx_word' id='word_1_196' title='bbox 469 2418 570 2480; x_wconf 72' lang='lat' dir='ltr'><strong>quiden,</strong></span> <span class='ocrx_word' id='word_1_197' title='bbox 587 2417 747 2480; x_wconf 64' lang='lat' dir='ltr'><strong>quandem.</strong></span> <span class='ocrx_word' id='word_1_198' title='bbox 772 2417 849 2466; x_wconf 83' lang='lat' dir='ltr'><strong>Both.</strong></span> <span class='ocrx_word' id='word_1_199' title='bbox 877 2418 1002 2481; x_wconf 71' lang='lat' dir='ltr'><strong>Mipatm</strong></span> <span class='ocrx_word' id='word_1_200' title='bbox 1031 2419 1216 2472; x_wconf 77' lang='lat' dir='ltr'><strong>Naaetaraitti.</strong></span> 
     </span>
     <span class='ocr_line' id='line_1_25' title="bbox 124 2481 1216 2545; baseline -0.003 -15"><span class='ocrx_word' id='word_1_201' title='bbox 124 2481 186 2545; x_wconf 80' lang='lat' dir='ltr'><strong>Bip.</strong></span> <span class='ocrx_word' id='word_1_202' title='bbox 198 2482 245 2530; x_wconf 82' lang='lat' dir='ltr'><strong>det</strong></span> <span class='ocrx_word' id='word_1_203' title='bbox 263 2482 325 2531; x_wconf 87' lang='lat' dir='ltr'><strong>teet.</strong></span> <span class='ocrx_word' id='word_1_204' title='bbox 336 2481 458 2530; x_wconf 86' lang='lat' dir='ltr'><strong>Bentleii.</strong></span> <span class='ocrx_word' id='word_1_205' title='bbox 487 2483 551 2531; x_wconf 78' lang='lat' dir='ltr'><strong>Ietta</strong></span> <span class='ocrx_word' id='word_1_206' title='bbox 563 2481 649 2532; x_wconf 80' lang='lat' dir='ltr'><strong>Goeit.</strong></span> <span class='ocrx_word' id='word_1_207' title='bbox 660 2483 685 2529; x_wconf 76' lang='lat'><strong>2.</strong></span> <span class='ocrx_word' id='word_1_208' title='bbox 697 2484 787 2528; x_wconf 74' lang='grc'><strong>3.-34</strong></span> <span class='ocrx_word' id='word_1_209' title='bbox 805 2481 836 2529; x_wconf 85' lang='lat' dir='ltr'><strong>In</strong></span> <span class='ocrx_word' id='word_1_210' title='bbox 847 2483 922 2531; x_wconf 87' lang='lat' dir='ltr'><strong>Bodi.</strong></span> <span class='ocrx_word' id='word_1_211' title='bbox 932 2490 981 2544; x_wconf 81' lang='lat' dir='ltr'><strong>eat,</strong></span> <span class='ocrx_word' id='word_1_212' title='bbox 996 2487 1020 2530; x_wconf 86' lang='lat' dir='ltr'><strong>et</strong></span> <span class='ocrx_word' id='word_1_213' title='bbox 1035 2483 1112 2530; x_wconf 87' lang='lat' dir='ltr'><strong>aaimo</strong></span> <span class='ocrx_word' id='word_1_214' title='bbox 1129 2490 1152 2531; x_wconf 90' lang='lat' dir='ltr'><strong>et</strong></span> <span class='ocrx_word' id='word_1_215' title='bbox 1166 2498 1216 2532; x_wconf 84' lang='lat' dir='ltr'><strong>eor.</strong></span> 
     </span>
     <span class='ocr_line' id='line_1_26' title="bbox 121 2544 1217 2610; baseline 0.005 -17"><span class='ocrx_word' id='word_1_216' title='bbox 121 2559 188 2607; x_wconf 72' lang='lat' dir='ltr'><strong>pore.</strong></span> <span class='ocrx_word' id='word_1_217' title='bbox 205 2546 288 2595; x_wconf 85' lang='lat' dir='ltr'><strong>Weat.</strong></span> <span class='ocrx_word' id='word_1_218' title='bbox 321 2546 401 2595; x_wconf 87' lang='lat' dir='ltr'><strong>Binoa</strong></span> <span class='ocrx_word' id='word_1_219' title='bbox 421 2547 498 2594; x_wconf 79' lang='lat' dir='ltr'><strong>hoece</strong></span> <span class='ocrx_word' id='word_1_220' title='bbox 516 2561 604 2595; x_wconf 80' lang='lat' dir='ltr'><strong>verena</strong></span> <span class='ocrx_word' id='word_1_221' title='bbox 621 2546 665 2593; x_wconf 86' lang='lat' dir='ltr'><strong>uni</strong></span> <span class='ocrx_word' id='word_1_222' title='bbox 682 2544 790 2591; x_wconf 74' lang='lat' dir='ltr'><strong>Demea</strong></span> <span class='ocrx_word' id='word_1_223' title='bbox 813 2546 904 2610; x_wconf 81' lang='lat' dir='ltr'><strong>tribuit</strong></span> <span class='ocrx_word' id='word_1_224' title='bbox 923 2547 957 2594; x_wconf 86' lang='lat' dir='ltr'><strong>G.</strong></span> <span class='ocrx_word' id='word_1_225' title='bbox 981 2548 1046 2594; x_wconf 85' lang='lat' dir='ltr'><strong>Idem</strong></span> <span class='ocrx_word' id='word_1_226' title='bbox 1062 2547 1090 2595; x_wconf 77' lang='lat' dir='ltr'><strong>ia</strong></span> <span class='ocrx_word' id='word_1_227' title='bbox 1106 2546 1217 2598; x_wconf 75' lang='lat' dir='ltr'><strong>Arana.</strong></span> 
     </span>
     <span class='ocr_line' id='line_1_27' title="bbox 123 2606 1216 2673; baseline 0.001 -15"><span class='ocrx_word' id='word_1_228' title='bbox 123 2610 160 2659; x_wconf 83' lang='lat' dir='ltr'><strong>Et</strong></span> <span class='ocrx_word' id='word_1_229' title='bbox 171 2608 210 2659; x_wconf 81' lang='lat' dir='ltr'><strong>ita</strong></span> <span class='ocrx_word' id='word_1_230' title='bbox 221 2610 268 2658; x_wconf 85' lang='lat' dir='ltr'><strong>Br.</strong></span> <span class='ocrx_word' id='word_1_231' title='bbox 294 2610 341 2658; x_wconf 86' lang='lat' dir='ltr'><strong>‘ln</strong></span> <span class='ocrx_word' id='word_1_232' title='bbox 351 2611 402 2658; x_wconf 88' lang='lat' dir='ltr'><strong>hoe</strong></span> <span class='ocrx_word' id='word_1_233' title='bbox 415 2623 499 2671; x_wconf 82' lang='lat' dir='ltr'><strong>versa,</strong></span> <span class='ocrx_word' id='word_1_234' title='bbox 511 2609 601 2657; x_wconf 87' lang='lat' dir='ltr'><strong>iterum</strong></span> <span class='ocrx_word' id='word_1_235' title='bbox 612 2606 709 2657; x_wconf 81' lang='lat' dir='ltr'><strong>excidit</strong></span> <span class='ocrx_word' id='word_1_236' title='bbox 718 2606 802 2667; x_wconf 80' lang='lat' dir='ltr'><strong>Micio,</strong></span> <span class='ocrx_word' id='word_1_237' title='bbox 813 2608 963 2672; x_wconf 79' lang='lat' dir='ltr'><strong>absorptum</strong></span> <span class='ocrx_word' id='word_1_238' title='bbox 975 2611 1078 2657; x_wconf 80' lang='lat' dir='ltr'><strong>scilicet</strong></span> <span class='ocrx_word' id='word_1_239' title='bbox 1089 2625 1104 2659; x_wconf 83' lang='lat' dir='ltr'><strong>a</strong></span> <span class='ocrx_word' id='word_1_240' title='bbox 1117 2625 1216 2673; x_wconf 72' lang='lat' dir='ltr'><strong>prece·</strong></span> 
     </span>
     <span class='ocr_line' id='line_1_28' title="bbox 122 2670 1217 2735; baseline 0.004 -14"><span class='ocrx_word' id='word_1_241' title='bbox 122 2673 204 2722; x_wconf 87' lang='lat' dir='ltr'><strong>dente</strong></span> <span class='ocrx_word' id='word_1_242' title='bbox 216 2673 313 2722; x_wconf 79' lang='lat' dir='ltr'><strong>‘mihi’</strong></span> <span class='ocrx_word' id='word_1_243' title='bbox 346 2675 483 2722; x_wconf 80' lang='lat' dir='ltr'><strong>Postremo</strong></span> <span class='ocrx_word' id='word_1_244' title='bbox 501 2687 548 2735; x_wconf 85' lang='lat' dir='ltr'><strong>pro</strong></span> <span class='ocrx_word' id='word_1_245' title='bbox 562 2685 655 2733; x_wconf 77' lang='lat' dir='ltr'><strong>corpore</strong></span> <span class='ocrx_word' id='word_1_246' title='bbox 666 2674 689 2720; x_wconf 86' lang='lat' dir='ltr'><strong>et</strong></span> <span class='ocrx_word' id='word_1_247' title='bbox 700 2670 785 2729; x_wconf 82' lang='lat' dir='ltr'><strong>naimo,</strong></span> <span class='ocrx_word' id='word_1_248' title='bbox 796 2673 878 2721; x_wconf 81' lang='lat' dir='ltr'><strong>nostri</strong></span> <span class='ocrx_word' id='word_1_249' title='bbox 893 2686 990 2733; x_wconf 85' lang='lat' dir='ltr'><strong>amaea,</strong></span> <span class='ocrx_word' id='word_1_250' title='bbox 1001 2673 1075 2721; x_wconf 76' lang='lat' dir='ltr'><strong>tinieo</strong></span> <span class='ocrx_word' id='word_1_251' title='bbox 1092 2675 1217 2725; x_wconf 83' lang='lat' dir='ltr'><strong>mediocri</strong></span> 
     </span>
     <span class='ocr_line' id='line_1_29' title="bbox 123 2734 1215 2800; baseline 0.001 -14"><span class='ocrx_word' id='word_1_252' title='bbox 123 2743 247 2800; x_wconf 78' lang='lat' dir='ltr'><strong>excepto,</strong></span> <span class='ocrx_word' id='word_1_253' title='bbox 258 2738 368 2786; x_wconf 73' lang='lat' dir='ltr'><strong>anaaoet</strong></span> <span class='ocrx_word' id='word_1_254' title='bbox 383 2751 485 2799; x_wconf 78' lang='lat' dir='ltr'><strong>corpore.</strong></span> <span class='ocrx_word' id='word_1_255' title='bbox 511 2739 582 2797; x_wconf 82' lang='lat' dir='ltr'><strong>Lege</strong></span> <span class='ocrx_word' id='word_1_256' title='bbox 593 2751 630 2797; x_wconf 82' lang='lat' dir='ltr'><strong>aa,</strong></span> <span class='ocrx_word' id='word_1_257' title='bbox 639 2741 667 2784; x_wconf 86' lang='lat' dir='ltr'><strong>et</strong></span> <span class='ocrx_word' id='word_1_258' title='bbox 679 2734 834 2784; x_wconf 84' lang='lat' dir='ltr'><strong>sententiam</strong></span> <span class='ocrx_word' id='word_1_259' title='bbox 850 2737 944 2785; x_wconf 83' lang='lat' dir='ltr'><strong>cleram</strong></span> <span class='ocrx_word' id='word_1_260' title='bbox 966 2736 1063 2785; x_wconf 66' lang='lat' dir='ltr'><strong>habea!</strong></span> <span class='ocrx_word' id='word_1_261' title='bbox 1079 2739 1153 2788; x_wconf 84' lang='lat' dir='ltr'><strong>Beat.</strong></span> <span class='ocrx_word' id='word_1_262' title='bbox 1188 2740 1215 2788; x_wconf 86' lang='lat' dir='ltr'><strong>oi</strong></span> 
     </span>
     <span class='ocr_line' id='line_1_30' title="bbox 122 2799 1214 2864; baseline 0.004 -16"><span class='ocrx_word' id='word_1_263' title='bbox 122 2801 205 2864; x_wconf 76' lang='lat' dir='ltr'><strong>igitar</strong></span> <span class='ocrx_word' id='word_1_264' title='bbox 216 2815 317 2851; x_wconf 77' lang='lat' dir='ltr'><strong>versum</strong></span> <span class='ocrx_word' id='word_1_265' title='bbox 337 2802 440 2849; x_wconf 89' lang='lat' dir='ltr'><strong>omnino</strong></span> <span class='ocrx_word' id='word_1_266' title='bbox 459 2801 523 2864; x_wconf 79' lang='lat' dir='ltr'><strong>legit</strong></span> <span class='ocrx_word' id='word_1_267' title='bbox 535 2799 618 2861; x_wconf 81' lang='lat' dir='ltr'><strong>Micio,</strong></span> <span class='ocrx_word' id='word_1_268' title='bbox 628 2814 653 2848; x_wconf 81' lang='lat' dir='ltr'><strong>ee</strong></span> <span class='ocrx_word' id='word_1_269' title='bbox 668 2812 793 2860; x_wconf 78' lang='lat' dir='ltr'><strong>germanae</strong></span> <span class='ocrx_word' id='word_1_270' title='bbox 800 2814 825 2863; x_wconf 79' lang='lat' dir='ltr'><strong>p.</strong></span> <span class='ocrx_word' id='word_1_271' title='bbox 842 2802 956 2850; x_wconf 75' lang='lat' dir='ltr'><strong>animone</strong></span> <span class='ocrx_word' id='word_1_272' title='bbox 974 2815 1076 2863; x_wconf 77' lang='lat' dir='ltr'><strong>corpore.</strong></span> <span class='ocrx_word' id='word_1_273' title='bbox 1110 2803 1134 2850; x_wconf 83' lang='lat' dir='ltr'><em>G</em></span> <span class='ocrx_word' id='word_1_274' title='bbox 1180 2818 1214 2853; x_wconf 88' lang='lat' dir='ltr'><strong>eo.</strong></span> 
     </span>
     <span class='ocr_line' id='line_1_31' title="bbox 122 2863 1214 2929; baseline 0.002 -15"><span class='ocrx_word' id='word_1_275' title='bbox 122 2864 166 2914; x_wconf 84' lang='lat' dir='ltr'><strong>Ita</strong></span> <span class='ocrx_word' id='word_1_276' title='bbox 184 2872 213 2914; x_wconf 86' lang='lat' dir='ltr'><strong>et</strong></span> <span class='ocrx_word' id='word_1_277' title='bbox 231 2865 292 2928; x_wconf 83' lang='lat' dir='ltr'><strong>Bip.</strong></span> <span class='ocrx_word' id='word_1_278' title='bbox 314 2873 483 2929; x_wconf 74' lang='lat' dir='ltr'><strong>preterquam</strong></span> <span class='ocrx_word' id='word_1_279' title='bbox 501 2879 548 2927; x_wconf 86' lang='lat' dir='ltr'><strong>pro</strong></span> <span class='ocrx_word' id='word_1_280' title='bbox 566 2880 594 2913; x_wconf 87' lang='lat' dir='ltr'><strong>ae</strong></span> <span class='ocrx_word' id='word_1_281' title='bbox 611 2864 676 2926; x_wconf 83' lang='lat' dir='ltr'><strong>legit</strong></span> <span class='ocrx_word' id='word_1_282' title='bbox 694 2866 731 2925; x_wconf 55' lang='lat' dir='ltr'><strong>et„</strong></span> <span class='ocrx_word' id='word_1_283' title='bbox 743 2863 788 2909; x_wconf 84' lang='lat' dir='ltr'><strong>Br.</strong></span> <span class='ocrx_word' id='word_1_284' title='bbox 804 2869 828 2912; x_wconf 88' lang='lat' dir='ltr'><strong>et</strong></span> <span class='ocrx_word' id='word_1_285' title='bbox 845 2866 921 2914; x_wconf 84' lang='lat' dir='ltr'><strong>animo</strong></span> <span class='ocrx_word' id='word_1_286' title='bbox 936 2869 960 2914; x_wconf 88' lang='lat' dir='ltr'><strong>et</strong></span> <span class='ocrx_word' id='word_1_287' title='bbox 976 2879 1078 2926; x_wconf 80' lang='lat' dir='ltr'><strong>corpore.</strong></span> <span class='ocrx_word' id='word_1_288' title='bbox 1104 2866 1214 2916; x_wconf 83' lang='lat' dir='ltr'><strong>Bathina</strong></span> 
     </span>
     <span class='ocr_line' id='line_1_32' title="bbox 120 2926 1213 2992; baseline 0.003 -14"><span class='ocrx_word' id='word_1_289' title='bbox 120 2928 187 2992; x_wconf 78' lang='lat' dir='ltr'><strong>legit</strong></span> <span class='ocrx_word' id='word_1_290' title='bbox 198 2929 286 2978; x_wconf 85' lang='lat' dir='ltr'><strong>Frater</strong></span> <span class='ocrx_word' id='word_1_291' title='bbox 296 2943 320 2977; x_wconf 81' lang='lat' dir='ltr'><strong>ee</strong></span> <span class='ocrx_word' id='word_1_292' title='bbox 328 2943 455 2990; x_wconf 75' lang='lat' dir='ltr'><strong>germem</strong></span> <span class='ocrx_word' id='word_1_293' title='bbox 462 2945 487 2992; x_wconf 82' lang='grc' dir='ltr'><strong>ρ.</strong></span> <span class='ocrx_word' id='word_1_294' title='bbox 497 2931 725 2988; x_wconf 80' lang='lat' dir='ltr'><strong>aaimaaaeorpore.</strong></span> <span class='ocrx_word' id='word_1_295' title='bbox 752 2926 858 2977; x_wconf 74' lang='lat' dir='ltr'><strong>Gaudeo.</strong></span> <span class='ocrx_word' id='word_1_296' title='bbox 882 2930 988 2978; x_wconf 76' lang='lat' dir='ltr'><strong>‘Animo</strong></span> <span class='ocrx_word' id='word_1_297' title='bbox 1005 2943 1143 2990; x_wconf 71' lang='lat' dir='ltr'><strong>aeternare.</strong></span> <span class='ocrx_word' id='word_1_298' title='bbox 1170 2931 1213 2981; x_wconf 82' lang='lat' dir='ltr'><strong>Sic</strong></span> 
     </span>
     <span class='ocr_line' id='line_1_33' title="bbox 120 2992 1215 3056; baseline 0 -12"><span class='ocrx_word' id='word_1_299' title='bbox 120 2993 203 3045; x_wconf 87' lang='lat' dir='ltr'><strong>Bent.</strong></span> <span class='ocrx_word' id='word_1_300' title='bbox 214 2993 291 3055; x_wconf 75' lang='lat' dir='ltr'><strong>vulg.</strong></span> <span class='ocrx_word' id='word_1_301' title='bbox 309 3009 371 3056; x_wconf 80' lang='lat' dir='ltr'><strong>corp.</strong></span> <span class='ocrx_word' id='word_1_302' title='bbox 383 2999 407 3042; x_wconf 93' lang='lat' dir='ltr'><strong>et</strong></span> <span class='ocrx_word' id='word_1_303' title='bbox 422 3009 462 3042; x_wconf 87' lang='lat' dir='ltr'><strong>aa.</strong></span> <span class='ocrx_word' id='word_1_304' title='bbox 495 2993 574 3043; x_wconf 86' lang='lat' dir='ltr'><strong>Hune</strong></span> <span class='ocrx_word' id='word_1_305' title='bbox 586 3008 624 3042; x_wconf 81' lang='lat' dir='ltr'><strong>es.</strong></span> <span class='ocrx_word' id='word_1_306' title='bbox 644 2993 772 3041; x_wconf 80' lang='lat' dir='ltr'><strong>Romanus</strong></span> <span class='ocrx_word' id='word_1_307' title='bbox 789 2993 846 3043; x_wconf 87' lang='lat' dir='ltr'><strong>eod.</strong></span> <span class='ocrx_word' id='word_1_308' title='bbox 858 3007 908 3043; x_wconf 90' lang='lat' dir='ltr'><strong>non</strong></span> <span class='ocrx_word' id='word_1_309' title='bbox 927 2992 1019 3042; x_wconf 72' lang='lat' dir='ltr'><strong>habet!</strong></span> <span class='ocrx_word' id='word_1_310' title='bbox 1031 2994 1097 3042; x_wconf 88' lang='lat' dir='ltr'><strong>Perl.</strong></span> <span class='ocrx_word' id='word_1_311' title='bbox 1129 2992 1215 3044; x_wconf 75' lang='lat' dir='ltr'><strong>Abest</strong></span> 
     </span>
     <span class='ocr_line' id='line_1_34' title="bbox 119 3053 1214 3119; baseline 0.002 -13"><span class='ocrx_word' id='word_1_312' title='bbox 119 3063 148 3106; x_wconf 81' lang='lat' dir='ltr'><strong>ta</strong></span> <span class='ocrx_word' id='word_1_313' title='bbox 160 3056 353 3107; x_wconf 71' lang='lat' dir='ltr'><strong>(laerta-ao</strong></span> <span class='ocrx_word' id='word_1_314' title='bbox 370 3059 415 3107; x_wconf 85' lang='lat' dir='ltr'><strong>Bt.</strong></span> <span class='ocrx_word' id='word_1_315' title='bbox 428 3057 505 3106; x_wconf 89' lang='lat' dir='ltr'><strong>Bent.</strong></span> <span class='ocrx_word' id='word_1_316' title='bbox 525 3054 755 3118; x_wconf 65' lang='lat' dir='ltr'><strong>anennoeton.</strong></span> <span class='ocrx_word' id='word_1_317' title='bbox 772 3053 821 3105; x_wconf 82' lang='lat' dir='ltr'><strong>Sao</strong></span> <span class='ocrx_word' id='word_1_318' title='bbox 841 3057 887 3106; x_wconf 79' lang='lat' dir='ltr'><strong>eidi</strong></span> <span class='ocrx_word' id='word_1_319' title='bbox 903 3057 1083 3119; x_wconf 76' lang='lat' dir='ltr'><strong>gtadiotaaej.</strong></span> <span class='ocrx_word' id='word_1_320' title='bbox 1109 3057 1214 3108; x_wconf 82' lang='lat' dir='ltr'><strong>‘Abeat</strong></span> 
     </span>
     <span class='ocr_line' id='line_1_35' title="bbox 116 3118 1301 3185; baseline 0.002 -15"><span class='ocrx_word' id='word_1_321' title='bbox 116 3121 177 3182; x_wconf 72' lang='lat' dir='ltr'><strong>eibi,</strong></span> <span class='ocrx_word' id='word_1_322' title='bbox 197 3123 260 3171; x_wconf 86' lang='lat' dir='ltr'><strong>Par.</strong></span> <span class='ocrx_word' id='word_1_323' title='bbox 282 3128 359 3185; x_wconf 79' lang='lat' dir='ltr'><strong>teate,</strong></span> <span class='ocrx_word' id='word_1_324' title='bbox 375 3121 409 3170; x_wconf 81' lang='lat' dir='ltr'><strong>ab</strong></span> <span class='ocrx_word' id='word_1_325' title='bbox 428 3135 479 3170; x_wconf 90' lang='lat' dir='ltr'><strong>uno</strong></span> <span class='ocrx_word' id='word_1_326' title='bbox 496 3122 573 3171; x_wconf 88' lang='lat' dir='ltr'><strong>codd.</strong></span> <span class='ocrx_word' id='word_1_327' title='bbox 585 3122 652 3171; x_wconf 85' lang='lat' dir='ltr'><strong>Pail.</strong></span> <span class='ocrx_word' id='word_1_328' title='bbox 681 3120 717 3171; x_wconf 79' lang='lat' dir='ltr'><strong>At</strong></span> <span class='ocrx_word' id='word_1_329' title='bbox 739 3118 902 3171; x_wconf 74' lang='lat' dir='ltr'><strong>desideratur</strong></span> <span class='ocrx_word' id='word_1_330' title='bbox 921 3136 936 3170; x_wconf 82' lang='lat' dir='ltr'><strong>a</strong></span> <span class='ocrx_word' id='word_1_331' title='bbox 955 3122 1022 3171; x_wconf 89' lang='lat' dir='ltr'><strong>Mur.</strong></span> <span class='ocrx_word' id='word_1_332' title='bbox 1041 3122 1214 3184; x_wconf 65' lang='lat' dir='ltr'><strong>taproaertio?</strong></span> <span class='ocrx_word' id='word_1_333' title='bbox 1294 3159 1301 3176; x_wconf 83' lang='lat'><strong>.</strong></span> 
     </span>
     <span class='ocr_line' id='line_1_36' title="bbox 123 3187 1065 3234; baseline 0 0"><span class='ocrx_word' id='word_1_334' title='bbox 123 3187 190 3234; x_wconf 82' lang='lat' dir='ltr'><strong>Peri.</strong></span> <span class='ocrx_word' id='word_1_335' title='bbox 1059 3205 1065 3210; x_wconf 86' lang='grc'><em>·</em></span> 
     </span>
    </p>
   </div>
   <div class='ocr_carea' id='block_1_9' title="bbox 617 3315 721 3367">
    <p class='ocr_par' dir='ltr' id='par_1_12' title="bbox 617 3315 721 3367">
     <span class='ocr_line' id='line_1_37' title="bbox 617 3315 721 3367; baseline 0 -2"><span class='ocrx_word' id='word_1_336' title='bbox 617 3315 721 3367; x_wconf 82' lang='lat' dir='ltr'>NOTAE</span> 
     </span>
    </p>
   </div>
   <div class='ocr_carea' id='block_1_10' title="bbox 112 3423 1211 3646">
    <p class='ocr_par' dir='ltr' id='par_1_13' title="bbox 112 3423 1211 3646">
     <span class='ocr_line' id='line_1_38' title="bbox 148 3423 1211 3500; baseline 0.004 -24"><span class='ocrx_word' id='word_1_337' title='bbox 148 3431 183 3476; x_wconf 72' lang='lat'><strong>8⁵</strong></span> <span class='ocrx_word' id='word_1_338' title='bbox 202 3423 406 3487; x_wconf 65' lang='lat' dir='ltr'><strong>Saodtigladio]</strong></span> <span class='ocrx_word' id='word_1_339' title='bbox 423 3424 454 3473; x_wconf 91' lang='lat' dir='ltr'><strong>ld</strong></span> <span class='ocrx_word' id='word_1_340' title='bbox 466 3431 516 3486; x_wconf 87' lang='lat' dir='ltr'><strong>est,</strong></span> <span class='ocrx_word' id='word_1_341' title='bbox 531 3440 577 3472; x_wconf 86' lang='lat' dir='ltr'><strong>aaa</strong></span> <span class='ocrx_word' id='word_1_342' title='bbox 590 3441 649 3488; x_wconf 85' lang='lat' dir='ltr'><strong>pro·</strong></span> <span class='ocrx_word' id='word_1_343' title='bbox 689 3427 736 3474; x_wconf 81' lang='lat' dir='ltr'><strong>sibi</strong></span> <span class='ocrx_word' id='word_1_344' title='bbox 749 3425 833 3489; x_wconf 68' lang='lat' dir='ltr'><strong>patri!</strong></span> <span class='ocrx_word' id='word_1_345' title='bbox 858 3425 973 3486; x_wconf 78' lang='lat' dir='ltr'><strong>lterun13</strong></span> <span class='ocrx_word' id='word_1_346' title='bbox 989 3427 996 3452; x_wconf 83' lang='lat'><strong>¹</strong></span> <span class='ocrx_word' id='word_1_347' title='bbox 1011 3425 1154 3477; x_wconf 74' lang='lat' dir='ltr'><strong>inscientes</strong></span> <span class='ocrx_word' id='word_1_348' title='bbox 1166 3443 1211 3500; x_wconf 73' lang='lat'><strong>⁸¹.¹⁸</strong></span> 
     </span>
     <span class='ocr_line' id='line_1_39' title="bbox 114 3494 1211 3570; baseline 0 -16"><span class='ocrx_word' id='word_1_349' title='bbox 114 3494 184 3570; x_wconf 66' lang='lat' dir='ltr'><strong>prio&#39;</strong></span> <span class='ocrx_word' id='word_1_350' title='bbox 196 3502 293 3567; x_wconf 78' lang='lat' dir='ltr'><strong>giadio.</strong></span> <span class='ocrx_word' id='word_1_351' title='bbox 324 3502 367 3551; x_wconf 79' lang='lat' dir='ltr'><strong>Sic</strong></span> <span class='ocrx_word' id='word_1_352' title='bbox 378 3501 485 3550; x_wconf 81' lang='lat' dir='ltr'><strong>Plautia</strong></span> <span class='ocrx_word' id='word_1_353' title='bbox 495 3501 522 3548; x_wconf 89' lang='lat' dir='ltr'><strong>in</strong></span> <span class='ocrx_word' id='word_1_354' title='bbox 538 3501 648 3564; x_wconf 82' lang='lat' dir='ltr'><strong>Proiogo</strong></span> <span class='ocrx_word' id='word_1_355' title='bbox 688 3503 736 3551; x_wconf 84' lang='lat' dir='ltr'><strong>eibi</strong></span> <span class='ocrx_word' id='word_1_356' title='bbox 747 3501 868 3564; x_wconf 84' lang='lat' dir='ltr'><strong>fallacia,&#39;</strong></span> <span class='ocrx_word' id='word_1_357' title='bbox 889 3509 916 3551; x_wconf 88' lang='lat' dir='ltr'><strong>et</strong></span> <span class='ocrx_word' id='word_1_358' title='bbox 936 3517 1052 3562; x_wconf 65' lang='lat' dir='ltr'><strong>rursum</strong></span> <span class='ocrx_word' id='word_1_359' title='bbox 1070 3504 1078 3531; x_wconf 90' lang='lat'>‘</span> <span class='ocrx_word' id='word_1_360' title='bbox 1090 3504 1132 3553; x_wconf 87' lang='lat' dir='ltr'><strong>lta</strong></span> <span class='ocrx_word' id='word_1_361' title='bbox 1144 3519 1211 3555; x_wconf 86' lang='lat' dir='ltr'><strong>nane</strong></span> 
     </span>
     <span class='ocr_line' id='line_1_40' title="bbox 112 3576 1107 3646; baseline -0.006 -14"><span class='ocrx_word' id='word_1_362' title='bbox 112 3581 306 3646; x_wconf 66' lang='lat' dir='ltr'><strong>Captivorum</strong></span> <span class='ocrx_word' id='word_1_363' title='bbox 322 3579 330 3606; x_wconf 90' lang='lat'>‘</span> <span class='ocrx_word' id='word_1_364' title='bbox 341 3591 393 3643; x_wconf 87' lang='lat' dir='ltr'><strong>quo</strong></span> <span class='ocrx_word' id='word_1_365' title='bbox 404 3583 482 3643; x_wconf 81' lang='lat' dir='ltr'><strong>paeto</strong></span> <span class='ocrx_word' id='word_1_366' title='bbox 498 3576 592 3626; x_wconf 72' lang='lat' dir='ltr'><strong>serviat</strong></span> <span class='ocrx_word' id='word_1_367' title='bbox 603 3591 647 3625; x_wconf 82' lang='lat' dir='ltr'><strong>auo</strong></span> <span class='ocrx_word' id='word_1_368' title='bbox 688 3579 809 3643; x_wconf 74' lang='lat' dir='ltr'><strong>ignorant</strong></span> <span class='ocrx_word' id='word_1_369' title='bbox 820 3592 866 3628; x_wconf 80' lang='lat' dir='ltr'><strong>auo</strong></span> <span class='ocrx_word' id='word_1_370' title='bbox 877 3580 924 3628; x_wconf 78' lang='lat' dir='ltr'><strong>eibi</strong></span> <span class='ocrx_word' id='word_1_371' title='bbox 933 3580 1012 3629; x_wconf 80' lang='lat' dir='ltr'><strong>territ</strong></span> <span class='ocrx_word' id='word_1_372' title='bbox 1022 3579 1107 3642; x_wconf 81' lang='lat' dir='ltr'><strong>petri.&#39;</strong></span> 
     </span>
    </p>
   </div>
   <div class='ocr_carea' id='block_1_11' title="bbox 0 0 1344 4694">
    <p class='ocr_par' dir='ltr' id='par_1_14' title="bbox 0 0 1344 4694">
     <span class='ocr_line' id='line_1_41' title="bbox 0 0 1344 4694; baseline 0 5"><span class='ocrx_word' id='word_1_373' title='bbox 0 0 1344 4694; x_wconf 95' lang='lat' dir='ltr'><strong> </strong></span> 
     </span>
    </p>
   </div>
  </div>
 </body>
</html>
