2678 4694
305 663 534 812 mein
609 717 1015 838 nonani,

391 980 424 1031 V.
440 980 471 1030 C.
489 978 670 1031 ousuoats
687 980 793 1033 numa
809 982 935 1047 ROMAE,

227 1188 485 1290 PRAEFaTIO
508 1191 564 1256 IN
587 1188 831 1261 HECYRAM
853 1194 1101 1263 TERENTII.

117 1437 195 1498 linc
223 1439 335 1499 Fabula
358 1439 530 1519 Apollodori
556 1459 622 1500 esse
650 1440 757 1501 dicitur
780 1441 905 1502 Groeca:
938 1462 1006 1502 narn
1031 1454 1061 1503 et
1088 1446 1153 1524 ipsa
1176 1455 1208 1504 et

117 1535 279 1595 Pisonum
301 1537 456 1595 abeodem
472 1536 610 1596 dicuntur
624 1557 690 1597 esse
703 1539 873 1598 translatae:
900 1558 966 1601 cum
991 1539 1112 1618 reliqum
1134 1560 1207 1618 qua-

117 1641 183 1689 tuor
205 1632 264 1689 sint
284 1628 441 1690 Menandri
463 1631 585 1692 Comici.
627 1632 770 1694 annas
789 1647 887 1694 autem
908 1635 1023 1709 dicitur,
1039 1637 1117 1708 ideo,
1137 1636 1208 1714 quia

116 1749 169 1807 per
183 1746 285 1789 socrus
300 1743 329 1790 et
344 1751 460 1792 soceros
475 1733 504 1790 in
516 1752 551 1792 ea
562 1744 689 1811 aguntur
702 1733 806 1794 multa.
837 1735 913 1794 Nam
924 1745 954 1795 et
968 1736 1061 1814 tropis
1075 1745 1106 1794 et
1115 1737 1207 1810 ἑκυρὲ,

116 1826 210 1884 soceri
235 1847 353 1897 nomen,
368 1848 528 1906 socrusque
549 1828 727 1907 significant.
769 1829 823 1887 Est
841 1841 942 1889 autem
965 1833 1058 1890 mixta
1078 1830 1208 1890 notoriis

117 1923 230 1981 actibus
245 1942 280 1982 ac
289 1925 434 1984 statariis:
450 1924 632 2004 multumque
644 1927 855 1985 sententiarum
864 1936 894 1985 et
904 1927 1062 2004 figurarum
1076 1926 1212 1986 continet

116 2018 145 2075 in
171 2028 235 2077 toto
258 2018 345 2098 stylo.
398 2019 484 2078 Unde
506 2040 573 2079 curu
597 2019 726 2080 delectet
746 2020 912 2100 plurimum,
935 2041 994 2079 non
1013 2021 1111 2079 minus
1129 2011 1208 2080 utili·

116 2113 186 2171 tatis
216 2113 300 2173 affert
328 2115 553 2192 spectatoribus.
609 2117 708 2192 Atque
736 2115 766 2172 in
793 2115 850 2173 bac
880 2114 982 2192 primae
1010 2125 1109 2194 partes
1139 2128 1209 2175 sunt

117 2208 264 2279 Lachetis,
276 2208 415 2267 secundae
426 2207 582 2287 Pamphili,
592 2208 686 2267 tertiae
701 2208 851 2288 Phidippi‚
872 2219 985 2286 quartae
996 2209 1187 2268 Parmenonis
1200 2229 1209 2269 ι

92 2345 95 2353 ,
116 2322 152 2362 ao
172 2302 313 2382 deinceps
326 2304 447 2366 aliarum
458 2324 659 2383 personarum,
673 2326 741 2383 quae
754 2305 801 2364 his
816 2305 965 2383 adjunctae
985 2315 1063 2363 sunt.
1106 2304 1210 2363 Divisa

116 2409 162 2458 est
183 2411 293 2472 autem,
314 2411 349 2459 ut
366 2411 483 2472 ceterae,
505 2400 635 2479 quinque
657 2400 780 2459 Actibus
802 2400 963 2478 legitimis:
992 2418 1066 2477 quos
1088 2399 1118 2456 in
1139 2401 1211 2458 sub·

115 2495 186 2555 ditis
204 2494 432 2575 distinguemus.
474 2497 509 2554 In
523 2497 580 2555 bac
595 2496 740 2572 Prologus
758 2505 805 2552 est
818 2505 848 2552 et
860 2494 1023 2573 multiplex,
1044 2505 1074 2554 et
1086 2495 1210 2555 rhetori·

115 2610 170 2652 cus
192 2591 290 2664 nimis,
310 2603 465 2672 propterea
485 2588 565 2667 quod
589 2608 668 2667 saepe
682 2589 805 2648 exclusa
825 2589 891 2648 baec
911 2589 1065 2648 Comoedia
1085 2590 1211 2668 diligen·

115 2685 230 2746 tissima
249 2685 422 2745 defensioue
435 2680 598 2761 indigebat.
638 2684 737 2760 Atque
761 2685 791 2742 in
813 2683 870 2743 hac
890 2684 1021 2744 Protasis
1041 2684 1211 2744 turbulenta

115 2793 173 2854 est,
197 2782 325 2860 Epitasis
354 2779 479 2851 mollior,
506 2777 586 2841 lenis
606 2777 815 2857 Catastrophe.
854 2780 933 2838 Acta
961 2799 1033 2838 saue
1058 2790 1105 2839 est
1131 2779 1209 2840 ludis

115 2877 353 2956 Megalensibus,
374 2877 465 2934 Sexto
479 2873 570 2943 Julio,
595 2873 631 2933 C.
643 2873 762 2933 Rabirio
777 2873 921 2933 AEdilibus
936 2876 1113 2934 Curulibus:
1135 2877 1210 2953 egit·

115 2995 173 3054 que
200 2975 232 3030 L.
252 2973 412 3032 Ambivius.
446 2970 626 3030 ¹Modulatus
654 2980 701 3029 est
724 2990 788 3029 earn
810 2970 935 3031 Flaccus
962 2970 1105 3030 Claudius
1130 2971 1208 3030 tibiis

114 3071 248 3149 paribus
269 3070 344 3128 Tota
358 3069 527 3139 Graecaest,
541 3068 678 3146 factaque
692 3078 722 3127 et
733 3067 813 3127 edita
836 3068 939 3146 quinto
953 3066 1030 3140 loco,
1045 3068 1103 3128 Cn.
1119 3067 1210 3127 Octa·

115 3168 175 3235 vio,
195 3166 229 3226 T.
246 3165 358 3224 Manlio
381 3165 467 3224 Coss.
510 3163 635 3223 Cantica
648 3174 678 3222 et
692 3163 823 3222 diverbia
844 3182 958 3222 summo
980 3163 1009 3220 in
1033 3163 1091 3222 bac
1111 3163 1210 3223 farore

118 3272 259 3339 suscepta
273 3271 351 3320 sunt.
391 3261 551 3339 Προτατικὰ
570 3261 601 3318 in
614 3260 672 3320 hac
691 3263 836 3337 πρόσωπα,
857 3259 887 3317 id
902 3270 958 3332 est,
971 3280 1107 3338 personae
1128 3272 1211 3322 extra

118 3370 324 3437 argumentum
344 3358 413 3416 duae
441 3367 521 3429 sunt,
546 3356 703 3416 Philotidis
724 3368 755 3416 et
778 3358 869 3435 Syrae.
911 3340 955 3413 In
970 3365 1033 3414 tota
1057 3356 1211 3415 Comoedia

117 3457 176 3516 boc
192 3456 298 3534 agitur,
318 3466 352 3514 ut
373 3474 420 3513 res
441 3474 526 3513 novae
539 3454 622 3524 fiant,
643 3472 699 3513 nec
714 3463 809 3511 tamen
833 3452 1008 3510 abhorreant
1022 3470 1039 3508 a
1051 3462 1210 3510 consuetu·

119 3549 198 3608 dine.
239 3548 422 3609 Inducuntur
442 3550 519 3608 enim
537 3549 687 3609 benevolae
710 3567 828 3614 socrus;
853 3545 1018 3605 verecunda
1039 3565 1148 3612 nurus;
1171 3546 1211 3604 le-

120 3646 260 3704 nissimus
275 3646 304 3705 in
315 3666 435 3706 uxorem
448 3645 581 3716 maritus,
596 3644 708 3705 etitem
722 3642 840 3703 deditus
860 3641 947 3701 matri
968 3660 1029 3700 suoe
1044 3660 1052 3707 ;
1073 3643 1210 3700 meretrix

118 3743 207 3803 bona.
