2678 4694
199 297 272 369 788,
555 310 602 359 r.
624 306 811 383 rurnurrt
830 304 916 354 anm

184 434 406 537 Quidnam,
421 450 508 538 quod
523 451 650 516 restatl
696 449 808 532 Hegio
829 447 883 512 his
910 452 961 512 est
983 453 1157 530 cognatus
1172 466 1290 531 proxu-

201 656 319 722 Affinis
328 575 437 735 ffig,
451 673 598 740 pauper:
621 655 702 719 bene
717 671 779 717 nos
794 650 921 736 aliquid
936 651 1045 715 iacere
1059 650 1111 716 illi
1127 649 1238 715 decet
1250 650 1288 714 25

201 757 268 823 Mt.
291 757 381 836 Quid
395 759 532 822 faceret
576 755 644 820 Du.
688 752 798 837 Agelli
813 761 864 818 est
878 753 932 817 hic
954 753 1016 817 sub
1036 752 1122 816 urbe
1144 752 1289 835 paulum,

329 859 419 943 quod
431 858 553 923 locitas
566 856 674 921 iuras:

199 960 292 1026 Huic
309 961 437 1039 demuS,
463 959 522 1042 qui
543 957 677 1022 fruatur.
722 956 786 1019 Mt.
809 953 954 1019 Paulum
978 954 1014 1019 id
1040 957 1179 1020 antemi
1225 956 1286 1020 Du.

327 1063 365 1127 Si
380 1061 518 1164 multum
528 1060 600 1137 siet,
613 1067 724 1122 tamen

200 1163 408 1229 Faciundum
421 1169 490 1226 est:
513 1180 573 1243 pro
585 1165 678 1243 patre
690 1159 770 1223 huic
784 1166 854 1223 est:
876 1157 1075 1222 bonusest:
1098 1165 1286 1224 nosterest:

326 1286 341 1328 r
362 1271 413 1328 cte
426 1263 530 1327 datur.

199 1285 376 1429 Postrensso
390 1383 456 1428 non
470 1382 581 1426 meum
596 1359 678 1426 illud
693 1360 831 1423 verbum
845 1358 944 1438 facio,
961 1359 1052 1442 quod
1068 1366 1118 1438 tu,
1132 1360 1251 1441 Micio,

197 1465 288 1530 Bene
311 1471 345 1531 et
367 1465 530 1549 sapienter
544 1463 631 1529 dixti
644 1460 787 1527 dudum:
809 1458 941 1524 Vitium
956 1480 1130 1526 commune
1146 1463 1287 1528 omnium

326 1574 390 1646 est,
1248 1565 1287 1629 80

196 1715 271 1778 cupio.
302 1715 366 1771 Quid
375 1715 449 1763 adlruc
460 1719 580 1776 superest?
608 1712 689 1774 Hegio
700 1712 833 1760 &matam
845 1718 868 1760 et
880 1713 1029 1776 Pamphilam
1039 1714 1181 1774 cogitatione
1189 1715 1289 1778 proxim

197 1778 307 1839 attingit,
316 1793 378 1826 nunc
389 1779 504 1842 affinitate
514 1777 683 1835 notujuacmr
693 1783 739 1836 eut,
751 1778 776 1825 ia
787 1781 893 1838 egestate
903 1783 927 1824 et
938 1777 1015 1840 iuopia
1024 1779 1133 1840 puellm:
1146 1794 1190 1826 nor
1200 1779 1290 1840 benigue

196 1845 276 1890 cumae
292 1843 323 1902 ei,
333 1848 356 1889 et
367 1845 512 1904 aliquantum
522 1842 642 1890 sublevare
657 1842 707 1901 ejua
714 1847 876 1904 paupertatem
886 1844 1001 1890 conenit.
1034 1842 1085 1890 M1.
1107 1842 1174 1898 Quid
1185 1843 1289 1892 illibent-

191 1905 275 1965 fucere
296 1902 407 1967 oportet?
441 1905 491 1954 tte.
512 1905 592 1954 Habea
613 1908 732 1969 puutruum
750 1906 822 1965 wetti
837 1906 973 1961 uturbuui,
991 1909 1052 1969 quod
1066 1909 1146 1955 acacio
1164 1909 1209 1956 cuiv
1222 1908 1289 1956 aliero

195 1971 273 2018 tuem:
293 1969 347 2017 ltuic
364 1972 444 2018 demut
456 1970 594 2028 fruendum.
627 1971 678 2018 Mt.
695 1970 855 2028 Paululum
873 1971 1077 2030 ugentinum?
1111 1971 1163 2021 tta.
1181 1972 1238 2020 Etti
1246 1986 1290 2020 ute·

189 2032 311 2093 junculam
321 2034 364 2093 tit,
375 2038 453 2082 taurea
463 2035 529 2083 trudi
539 2034 615 2083 debet.
646 2033 783 2094 Pamphila
794 2033 874 2096 patria
885 2037 934 2082 turo
944 2040 989 2092 eat,
999 2035 1038 2082 uir
1048 2034 1160 2084 toccum
1171 2041 1195 2085 et
1205 2036 1289 2099 polu,

196 2098 285 2147 amicae
296 2103 381 2160 amer,
392 2098 479 2159 dignun
489 2103 524 2147 eat
532 2098 571 2147 cui
581 2100 660 2146 duur.
694 2098 818 2146 Postremo
829 2112 874 2145 nou
885 2112 927 2157 ego
938 2111 989 2145 rum
999 2104 1082 2147 eumer
1091 2101 1217 2161 preclara
1226 2100 1289 2148 iatiar

197 2162 329 2226 remeafiae,
340 2177 410 2226 pacm
425 2162 590 2225 pridemreete
601 2161 763 2224 sapienterque
778 2161 872 2223 pridem
880 2161 1058 2223 praetutium
1073 2164 1163 2212 citium
1179 2177 1288 2214 cotum

652 2300 833 2323 ommno

196 2402 247 2452 De.
264 2401 331 2462 Heg.
354 2400 450 2463 Delph.
473 2399 558 2449 Verum
574 2402 648 2469 quid?
663 2402 719 2464 quid
734 2417 777 2464 ego
798 2399 955 2454 dicutur—24
971 2402 1063 2453 ‘Unus
1075 2418 1110 2453 ex
1127 2405 1221 2470 Regiis
1237 2409 1286 2472 prid

195 2470 279 2515 reatui.
296 2465 382 2514 Etiam
394 2478 441 2526 pto
454 2464 534 2524 Hegio
544 2464 581 2511 ltiu
590 2470 634 2525 eat,
646 2466 729 2514 noatri
742 2467 852 2515 universi
864 2467 901 2517 H.
913 2473 948 2516 eat
957 2466 1012 2516 luia!
1029 2468 1109 2518 nent.
1143 2471 1192 2518 Eut
1201 2472 1238 2521 kt'r
1247 2473 1285 2523 Bt.

195 2530 277 2591 Hegio
293 2529 340 2578 iata
350 2525 437 2577 Guelf.
448 2531 472 2576 2.
488 2527 515 2578 J.
530 2533 704 2587 agnum—25
723 2531 841 2591 Cuperus
857 2532 884 2579 in
902 2531 967 2580 Oba.
983 2545 1003 2579 1.
1023 2536 1048 2582 9.
1067 2533 1214 2595 existimat.
1231 2535 1286 2589 illul

195 2594 251 2643 terte
262 2592 427 2644 tribuendum
438 2605 495 2640 eme
508 2591 623 2640 Micioni.
636 2591 711 2640 Zeua.
726 2590 759 2640 'll
769 2593 825 2641 bene
834 2595 907 2643 abest
918 2594 1006 2644 Guelf.
1015 2599 1109 2646 2.-26
1125 2598 1212 2651 Forat.
1226 2601 1288 2649 Pra-

196 2665 249 2708 etat
265 2659 320 2706 hac
338 2657 416 2706 lectio
439 2669 493 2718 prae
515 2657 674 2717 quorundam
694 2656 830 2705 Librorum
843 2657 914 2714 suit.
938 2659 1054 2708 Donatus
1073 2661 1191 2713 dubitat.
1217 2665 1285 2717 wa.

197 2722 280 2782 Agelli
296 2722 334 2770 liic
350 2721 393 2769 sub
411 2720 468 2769 urbe
478 2726 513 2767 ert
523 2720 643 2782 paululum
653 2721 713 2782 quud
724 2721 805 2774 lucum
810 2720 883 2779 soria.
917 2720 950 2771 Ο.
961 2722 980 2772 l.
992 2738 1013 2772 a.
1026 2724 1224 2781 ltttncotdinem
1236 2743 1285 2778 rer·

155 2837 165 2856 ,
194 2786 284 2835 borum
296 2784 407 2834 lrabeat:
424 2784 505 2845 Agelli
515 2791 549 2832 eet
560 2784 598 2833 tic
608 2783 650 2832 tub
658 2784 714 2831 urbe
722 2785 857 2848 paulutum:
873 2799 939 2833 uuus
951 2793 1051 2835 tautum
1062 2787 1141 2838 habet
1148 2794 1253 2856 poclm
1261 2798 1285 2842 ut

194 2850 262 2900 ratio
274 2864 361 2899 verena
372 2850 499 2912 exposcit,
509 2848 572 2897 lieet
583 2854 611 2898 et
620 2849 663 2896 illo
679 2849 761 2897 altero
777 2863 878 2912 quoque
894 2850 971 2899 niodo
987 2856 1129 2914 utcumque
1140 2869 1230 2906 versut
1239 2871 1285 2906 rut·

195 2915 289 2972 tentari
301 2914 394 2977 poerit:
412 2911 612 2974 summosam,
628 2913 661 2961 V.
679 2920 705 2961 et
724 2915 773 2963 Do.
789 2913 886 2962 liabent
894 2913 972 2973 forae.
990 2916 1034 2964 Fa.
1068 2916 1144 2966 Idem
1155 2921 1284 2973 verborum

195 2980 259 3037 ordo
270 2979 297 3028 in
308 2979 417 3027 nostrie:
435 2991 544 3042 quorum
555 2974 668 3035 alliserit
678 2977 782 3036 habeut,
799 2978 841 3026 alii
847 2977 925 3037 forat.
952 2977 1097 3043 Utrumque
1109 2984 1283 3044 agnoscitne.

197 3043 243 3093 ted
258 3043 361 3100 utsorur
371 3041 453 3090 malit.
470 3041 560 3089 Recte.
578 3041 651 3089 Bent.
686 3041 812 3090 Paululum
825 3075 831 3090 .
844 3076 852 3091 .
864 3041 943 3100 .foria
953 3043 999 3092 Bt.
1016 3044 1147 3094 Paululum
1158 3048 1219 3112 Bip.
1230 3049 1284 3098 Ζ.-

195 3110 227 3155 at
245 3107 314 3169 (luy.
325 3121 375 3154 nou
388 3105 460 3168 cepit
471 3106 521 3152 vim
532 3105 575 3152 τοῦ
584 3105 622 3164 Si,
632 3119 757 3166 reponem
769 3107 832 3155 Εἰπέ.
855 3107 934 3154 Valet
943 3108 1009 3155 euim
1020 3109 1051 3157 Si
1061 3108 1132 3158 idem
1143 3113 1216 3174 quod
1226 3113 1281 3173 aut

193 3172 290 3232 passim
300 3170 366 3231 apud
379 3169 505 3230 Comicus,
517 3178 544 3217 et
555 3175 672 3216 auctores
684 3170 754 3218 alios.
776 3171 852 3220 Wett.
886 3170 916 3218 δι’
923 3174 1020 3220 muttum
1029 3173 1168 3228 attamen.
1202 3176 1233 3225 Iu
1244 3177 1281 3225 uli·

194 3239 258 3297 quot
268 3233 379 3295 antiquis
390 3233 463 3281 libris
474 3233 511 3280 lta
522 3234 624 3294 legitur,
634 3235 666 3280 Et
677 3233 700 3281 ui
711 3237 808 3283 multum
816 3241 860 3294 ert,
871 3240 963 3283 tumea:
981 3237 1085 3295 alicubi,
1099 3238 1130 3286 Si
1140 3242 1240 3290 multum
1248 3242 1282 3300 a't,

195 3302 283 3354 tumea.
315 3296 348 3345 Iu
359 3296 414 3344 aliis
425 3297 570 3344 recentibus
586 3297 691 3359 legitur,
707 3298 736 3345 Si
750 3299 849 3346 muttum
859 3299 901 3360 ait,
915 3299 1062 3349 Faciundum
1072 3306 1124 3359 eet;
1140 3305 1211 3367 quod
1222 3315 1281 3354 atate

194 3375 246 3422 nun
259 3366 355 3424 puteat.
388 3361 509 3409 Ceterum
523 3360 632 3408 admissa
644 3362 756 3410 lectione
769 3364 874 3426 antiqua
885 3364 910 3411 iu
921 3363 987 3412 hunc
996 3366 1110 3427 modurn,
1122 3366 1281 3430 Simuumrtt,

175 3429 282 3487 vlatratu,
302 3439 388 3473 versus
408 3432 451 3474 est
469 3430 620 3473 tetrameter
638 3427 830 3487 acatalecticus,
842 3434 871 3476 ut
884 3429 974 3475 ceteri.
993 3429 1039 3477 Fa.
1073 3431 1280 3482 Patrue-tutu·

194 3487 262 3541 tem?
277 3490 437 3552 eimultumet,
446 3494 531 3538 tumen.
557 3490 648 3538 Nostri
659 3505 747 3539 omues
758 3492 783 3538 id
792 3497 869 3540 cutem
877 3489 933 3540 eet?
958 3491 1030 3540 Unua
1040 3501 1161 3544 vetuitus
1173 3498 1282 3553 Paulum

195 3563 226 3602 ut
244 3569 333 3603 versus
352 3561 408 3618 lpse
435 3555 556 3617 postulat.
592 3555 679 3602 Tamtu
704 3555 786 3620 nullut
805 3556 892 3616 lrabet,
912 3562 1008 3617 praetet
1031 3558 1096 3606 duos
1123 3563 1280 3612 recentiores.

196 3619 226 3667 Si
246 3621 343 3667 muttum
368 3619 412 3667 siet
435 3619 477 3667 alii
500 3618 558 3667 duo.
586 3617 659 3667 Bmt.
705 3620 831 3671 Paululum
852 3620 878 3667 id
896 3625 974 3670 autem
995 3627 1045 3670 ert?
1070 3621 1101 3670 ot
1125 3625 1280 3683 multumrit,

196 3683 342 3732 Faciundum
362 3689 397 3731 eat
419 3684 463 3731 Bt.
487 3683 517 3731 Si
536 3684 635 3731 muttum
658 3689 703 3742 eat,
722 3689 740 3731 t.
764 3684 842 3732 Both.
875 3684 1001 3732 Paululum
1018 3720 1024 3734 .
1039 3687 1111 3736 ..St
1129 3693 1230 3740 multrare
1243 3693 1279 3745 eet,

196 3752 213 3795 t.
236 3749 296 3812 Bip.
323 3748 450 3796 Paululum
471 3780 500 3795 ..
522 3748 552 3795 Si
572 3749 669 3795 multum
688 3750 721 3796 a‘t
742 3753 761 3795 t.
783 3747 814 3796 Ζ.
839 3747 926 3797 Autem
948 3745 1003 3798 eut?
1036 3749 1072 3805 Si,
1086 3753 1187 3802 multum
1208 3755 1280 3814 ἐμ.

195 3810 267 3859 Perl.
283 3811 313 3860 Si
330 3813 426 3860 multum
442 3811 486 3859 ciet
505 3811 534 3859 F.
552 3812 712 3873 Delum—29
730 3812 829 3874 Nuperi
851 3812 953 3876 quidam
971 3812 1096 3877 editores,
1107 3818 1198 3878 credo,
1216 3819 1278 3877 Goy-

195 3881 266 3922 etum
294 3878 388 3935 secun,
411 3876 480 3925 Nunc
500 3891 574 3923 nurum
602 3876 660 3930 iltuit
684 3877 779 3924 aerium
797 3875 873 3935 facio,
897 3884 1089 3939 expresserunt.
1123 3881 1215 3936 Prima
1235 3882 1277 3928 tta.

195 3938 337 4000 'l'rajectiui
355 3941 483 4001 scriptura
500 3948 571 3986 erat:
591 3939 709 3988 Postremo
729 3946 806 3988 autem
825 3954 908 4000 meum„
928 3941 974 3988 aed
988 3948 1094 3991 mutata
1111 3944 1147 4005 in,
1167 3947 1279 3994 Pomm

195 4015 241 4050 aen
252 4018 335 4053 meum.
354 4004 433 4053 West.
461 4003 536 4054 Quod
555 4004 698 4053 Palmerius
717 4013 743 4052 et
755 4004 907 4053 Gulielmius
926 4006 1123 4068 exconjectura
1138 4011 1199 4057 olim
1211 4009 1279 4058 dete-

197 4072 263 4124 taut,
276 4067 394 4133 Postremo
410 4085 470 4118 uuuc
488 4083 578 4126 meum
596 4068 621 4116 iul
639 4070 708 4117 clare
724 4068 800 4116 habet
812 4068 894 4117 codex
913 4067 1009 4132 Regius
1029 4071 1191 4122 Chartaceua
1201 4085 1278 4122 exre·

197 4132 302 4179 terrimo
313 4132 420 4196 quodam
433 4128 609 4202 transcriptor.
644 4134 724 4183 Recte
736 4150 741 4180 :
758 4140 786 4183 et
797 4131 892 4195 frustra
904 4143 1036 4199 receptam
1048 4137 1183 4199 explicare
1194 4147 1280 4188 coutu-
