2678 4694
391 329 629 379 enonurours
655 331 738 381 uon.
754 330 793 378 ιι.
818 331 869 380 so.
889 331 940 378 ιιι.
1152 302 1216 381 our

119 473 204 538 Non
219 473 316 538 dico:
333 473 431 557 quasi
447 492 515 537 non
530 473 633 548 noris,
649 478 811 538 tentatum
827 472 977 540 advenis.

116 576 189 640 Du.
205 575 317 657 Egone
332 582 444 639 autem
460 575 575 639 tentoi
599 574 667 639 GE.
683 575 828 658 Stilpho.
855 577 980 641 Psote-
992 573 1107 661 Atque
1124 577 1211 643 udoo

251 677 330 759 quid
345 677 441 739 meai

116 777 256 861 Stilpho
280 785 340 841 est.
386 778 456 840 Du.
481 776 593 854 Quem
616 778 724 843 dixtit
770 779 889 844 Prion.
909 780 1135 865 Stilphonem,
1163 785 1214 847 in·
1254 848 1260 856 ,

250 898 362 962 quam,
379 880 545 943 noverasl
920 909 924 920 =

118 982 192 1046 Du.
208 980 331 1063 Neque
346 1000 408 1061 ego
423 982 518 1044 illum
533 999 666 1062 noram3
688 1004 796 1087 neque
810 985 890 1049 mihi
906 992 1067 1068 cognatus
1082 987 1147 1051 fuit

119 1082 314 1166 Quisquam
339 1084 426 1145 istoc
457 1082 613 1147 nomine„
656 1085 775 1149 Prion.
800 1088 918 1152 Itanel
942 1107 1008 1151 non
1033 1097 1067 1154 te
1094 1088 1210 1152 horum

251 1186 380 1268 pudetl
952 1272 954 1276 ,
1168 1191 1213 1253 45

118 1284 171 1350 At
187 1286 216 1349 si
231 1287 389 1352 talentum
406 1307 474 1350 rem
489 1288 679 1371 reliquisset
695 1288 820 1352 decern.

118 1389 192 1453 Du.
208 1388 255 1451 Di
271 1390 332 1452 tibi
347 1390 434 1453 male
447 1390 589 1454 faciant!
625 1390 745 1456 Puon.
757 1393 893 1456 Primus
907 1412 1013 1470 esseS,
1026 1395 1215 1458 memoriter

114 1489 318 1570 Progeniem
333 1496 479 1554 vostram
494 1511 602 1574 usque
616 1494 658 1556 ab
675 1511 740 1557 avo
756 1499 858 1576 atque
874 1501 975 1558 atavo
990 1495 1173 1576 proferens.

116 1589 189 1654 DE.
206 1590 261 1654 Ita
275 1592 430 1656 ntdiois:
451 1613 513 1674 ego
529 1598 599 1656 tum
615 1594 646 1656 si
662 1593 887 1672 advenissem,
902 1598 958 1679 qui
975 1596 1056 1660 mihi

120 1689 274 1772 Cognata
290 1713 332 1757 ea
347 1701 452 1771 esset,
467 1695 608 1758 dicerem
619 1713 627 1756 :
638 1734 640 1739 ,
650 1696 764 1759 itidem
781 1704 818 1760 tu
834 1696 920 1762 fane.
1173 1700 1217 1762 60

119 1789 230 1871 Cedo,
246 1795 368 1877 quiesi
383 1799 548 1878 cognata?
593 1797 660 1862 Gn.
675 1796 739 1875 Eu,
752 1800 883 1863 noster!
899 1805 999 1862 reete.
1046 1797 1146 1864 Heus
1162 1802 1217 1865 tu!

253 1914 344 1961 cave.

119 2058 181 2109 Huc
191 2059 277 2108 venisti
287 2075 322 2109 me
332 2063 521 2126 circumuentum,
530 2064 643 2113 simulam
655 2068 678 2111 te
688 2063 806 2124 ignorare.
839 2065 895 2114 De,
913 2066 995 2124 Egone
1005 2071 1084 2114 eutem
1091 2072 1114 2114 ie
1122 2066 1221 2114 cirrum·

120 2124 209 2173 uenio?
241 2124 292 2174 GE.
310 2127 404 2190 Stupro
425 2143 507 2176 nomeu
529 2133 572 2182 est,
594 2130 655 2190 quod
675 2129 797 2189 queritur.
829 2128 937 2176 PrrsAt
955 2129 1012 2190 quid
1033 2145 1085 2177 meu
1105 2130 1232 2192 iuterestl·

120 2187 217 2250 stupeo
233 2194 276 2238 est.
309 2190 361 2238 Du.
380 2193 499 2246 Quomodo
510 2191 613 2240 dixisti?
645 2192 700 2239 Pu.
718 2191 819 2252 sulpio,
838 2193 1028 2253 iuquumuouue
1038 2208 1222 2253 eumcoguosee·

125 2249 187 2301 iusi
219 2253 269 2301 Du.
288 2255 371 2318 Neque
381 2254 440 2302 milu
450 2259 519 2303 uetus
529 2260 590 2313 erut,
600 2269 673 2317 reque
683 2255 744 2302 ullus
748 2255 802 2311 suit
812 2269 842 2302 ex
851 2258 908 2303 meis
918 2259 1025 2315 cognatis
1034 2258 1067 2304 sie
1078 2259 1220 2307 uomiuetus.

121 2317 180 2368 Pa.
197 2318 281 2366 Itauel
297 2335 342 2368 nou
353 2324 376 2367 te
387 2320 437 2367 uec
444 2334 531 2379 uegure
538 2321 629 2380 pudet?
644 2319 701 2367 otei
712 2319 813 2367 moriens
820 2320 953 2382 reliquisset
963 2321 1030 2380 bonu,
1041 2324 1119 2370 desem
1126 2323 1224 2371 telemiu

121 2381 259 2432 estimetur
291 2383 342 2431 Du.
358 2384 405 2432 Dii
424 2389 447 2430 te
463 2385 571 2444 perdant.
605 2383 658 2431 Pru.
675 2383 773 2432 Primus
788 2385 890 2433 omnium
911 2386 1044 2435 memoriter
1064 2401 1131 2435 omre
1146 2402 1222 2448 gemus

121 2449 236 2508 uestrum,
258 2463 352 2498 omnem,
360 2447 482 2507 familiam
504 2452 614 2506 uestrum,
634 2462 705 2509 usque
723 2449 752 2496 ab
766 2464 818 2508 noo,
838 2454 907 2511 utque
928 2455 996 2498 utum
1014 2451 1135 2503 reiiteres.
1167 2452 1220 2500 De.

127 2501 214 2565 Verum
225 2511 292 2559 dieis.
323 2513 377 2571 Ege
397 2517 447 2559 tum
463 2511 485 2558 si
501 2511 623 2572 eruissem,
638 2515 749 2572 quomodo
764 2513 824 2560 milti
834 2514 1060 2574 eeguotiouejuuctu
1071 2522 1131 2564 esset
1142 2519 1222 2578 puelle

122 2574 168 2621 illu
180 2589 316 2636 exponerem
323 2590 332 2630 ,·
353 2581 380 2623 tu
395 2590 457 2623 uuus
467 2574 658 2632 similitersueito
664 2591 673 2631 ;
693 2576 731 2622 dio
741 2591 786 2637 quo
795 2579 875 2636 gradu
889 2579 920 2626 sit
932 2585 1041 2639 cognata.
1075 2581 1125 2628 Ge.
1143 2583 1221 2640 Euge,

123 2635 179 2687 ltere
189 2644 276 2702 uerter,
286 2644 349 2687 reete
358 2639 454 2687 dixisti.
488 2639 556 2688 Heus
567 2644 593 2687 tu
603 2653 658 2686 euve
668 2639 722 2696 iiii,
737 2640 860 2691 Phormio.
893 2642 947 2698 Bri.
967 2643 1038 2691 Glure
1048 2644 1165 2706 explicavi
1176 2644 1219 2702 ju-

120 2885 173 2932 dice
193 2881 257 2929 GM.
277 2882 387 2930 Bs-ue
403 2881 467 2929 Meae
476 2882 586 2929 its-us
604 2881 689 2942 Dixti]
706 2881 758 2931 Ms.
770 2882 831 2930 Pur.
846 2880 913 2930 disti.
926 2879 1130 2930 (routzuurt.
1165 2885 1221 2932 Nou

119 2962 221 2997 noveras
240 2945 326 2994 Guell.
338 2951 361 2994 1.
381 2951 405 2994 2.
423 2946 491 2994 Peri.
526 2946 645 3008 Noueros]
672 2945 744 2994 Edit.
763 2945 916 3008 interrogat,
932 2945 970 2993 uli
988 2947 1049 2994 olim
1061 2948 1113 2995 Ms.
1130 2948 1219 2997 Bruus.

123 3013 164 3062 At
181 3025 230 3060 nee
247 3011 324 3058 Beni.
341 3011 483 3072 interrogat
502 3018 558 3073 post
578 3010 789 3059 ‘noveras.’-ro
808 3010 931 3071 Her,non
945 3010 1005 3058 isloe
1016 3009 1103 3058 Guell.
1115 3016 1139 3059 2.
1172 3013 1223 3060 lsto

123 3077 190 3126 GM.
209 3076 342 3124 Peri-uo
359 3074 442 3123 Abest
452 3089 526 3124 rema
537 3074 626 3124 Guelf.
639 3080 727 3124 3.-48
742 3074 825 3123 Adnue
837 3089 884 3138 pro
895 3090 937 3122 auo
949 3075 995 3122 Br.
1007 3073 1122 3133 Refereus
1132 3075 1224 3125 Guelf.
1309 3095 1311 3099 ¹

112 3143 216 3198 ’ἰὴ-49
232 3140 272 3188 lta
281 3145 308 3188 ut
319 3140 389 3202 dieis]
408 3140 535 3189 Constans
547 3139 650 3203 quidem
661 3141 750 3200 lectio,
761 3139 805 3188 sed
817 3153 867 3187 non
884 3140 974 3188 eodem
987 3141 1063 3188 modo
1073 3140 1223 3202 explicitae

122 3204 299 3253 Virisdoctls.
333 3205 400 3267 Guy.
424 3205 457 3253 Ut
476 3205 536 3252 diris
552 3206 625 3267 legit.
658 3203 699 3253 Αιι
711 3205 971 3266 scripsitTeremius,
982 3205 1023 3252 ltu
1034 3210 1061 3253 tu
1071 3205 1147 3254 diris?
1163 3220 1220 3268 quea

123 3269 256 3331 responsio
276 3269 425 3330 aequipollet
445 3267 591 3318 affirmanti.
612 3269 688 3318 West.
722 3271 775 3330 Ego
786 3274 837 3318 tum
854 3270 876 3318 si
894 3268 1050 3332 ademissem]
1067 3271 1140 3320 ldem
1156 3270 1222 3320 liber

122 3348 176 3381 eum
187 3330 347 3389 aureorum,-
363 3332 401 3378 ita
412 3339 439 3381 st
457 3334 576 3381 Donatus
589 3335 614 3381 in
628 3335 791 3397 expositione
802 3334 877 3398 lmjus
891 3333 950 3395 loci,
961 3335 1077 3396 quamvis
1088 3335 1223 3386 renitendo

124 3396 203 3447 verbu
220 3395 336 3444 Terentii
346 3395 423 3443 aliter
442 3395 520 3446 dicat.
554 3399 657 3446 sanein
670 3399 711 3446 Vi.
730 3406 771 3448 est
791 3399 824 3460 si,
842 3399 886 3448 sed
899 3399 1022 3462 inlitora,
1037 3406 1067 3449 ut
1087 3407 1223 3463 appareat,

73 3461 76 3466 ’
124 3461 194 3510 uliud
212 3460 248 3508 ibi
268 3462 339 3521 prius
357 3459 444 3508 fuisse.
462 3459 508 3510 Fa.
541 3461 631 3510 Nostri
642 3476 728 3510 omnes
746 3462 776 3510 si.
793 3463 872 3511 Bent.
906 3462 1038 3512 Aberrent
1055 3478 1142 3512 onrues
1162 3463 1222 3511 edd.

122 3525 236 3589 legendo
255 3526 309 3586 Ego
320 3530 369 3573 tum
387 3525 467 3586 outre.
484 3538 504 3571 s.
525 3530 574 3573 tum
589 3539 656 3572 eum:
673 3526 699 3572 in
717 3540 768 3588 quo
787 3534 814 3573 et
835 3540 923 3573 versus
939 3526 1050 3574 laborat.
1084 3527 1136 3574 Sed
1148 3527 1221 3575 Bem.

124 3589 245 3652 congruit
256 3604 313 3637 cum
323 3591 376 3638 Do.
394 3597 421 3638 et
432 3596 524 3651 aperte
534 3587 597 3635 illud
609 3588 630 3635 si
641 3595 681 3636 est
694 3605 709 3636 a
720 3589 814 3652 glossa,
829 3589 898 3636 unde
907 3604 959 3638 eum
970 3590 991 3636 si
1003 3589 1063 3637 dein
1074 3598 1223 3652 corruptum

124 3657 152 3704 iu
167 3660 218 3702 tum
233 3654 264 3710 si,
277 3653 380 3702 tandem
398 3653 572 3702 contaminate
584 3657 634 3700 tum
652 3669 712 3702 eum.
728 3653 789 3716 Bip.
823 3652 895 3700 Enim
914 3668 961 3716 pro
981 3653 1128 3715 EgoBoth.
1163 3655 1224 3702 Cum
1261 3655 1264 3665 “

124 3732 175 3783 pro
186 3720 209 3766 si
219 3719 295 3767 Bent.
307 3718 378 3767 Perl.
413 3720 474 3767 Cum
493 3732 540 3781 pro
552 3722 602 3765 tum
612 3716 634 3763 si
649 3717 773 3780 Rip—50
789 3716 877 3765 Itidem
897 3721 923 3765 tu
935 3718 1010 3777 fore.-
1026 3719 1092 3780 cedo]
1109 3719 1182 3767 Bem.
1195 3723 1223 3767 et

124 3783 225 3846 aliquot
237 3781 290 3842 alii,
300 3781 329 3830 τὸ
340 3783 403 3840 cedo,
414 3796 440 3829 se
461 3782 529 3830 nenti
547 3780 633 3830 versui
652 3781 813 3831 attribuunt:
831 3796 882 3846 que
898 3784 996 3831 ratione
1014 3789 1122 3845 uterque
1134 3796 1222 3830 versus

125 3855 239 3896 senetur.
256 3848 302 3894 Fu.
334 3846 387 3893 Dat
398 3847 449 3894 Bot
469 3848 590 3896 ‚dicerest
609 3843 693 3904 idjam
702 3845 831 3904 fuce—51
851 3848 922 3903 Cedo,
933 3848 973 3909 qui
985 3851 1020 3895 est
1030 3846 1140 3908 cognatu]
1158 3847 1225 3896 Ver·

126 3926 183 3960 snm
195 3910 262 3958 hnrm
281 3910 314 3959 sb
331 3910 516 3970 interpolatore
528 3925 582 3959 esse
594 3911 708 3959 additum
725 3910 762 3959 ait
773 3911 842 3973 Guy.
863 3911 939 3961 West.
967 3911 1035 3960 Heus
1049 3911 1222 3974 uester,reete]

125 3975 180 4024 Alii
192 3975 251 4022 libri
263 3975 380 4037 sirnt‚qui
393 3975 462 4034 Euge
472 3975 578 4037 habent,
590 3973 658 4038 quod
669 3981 739 4022 stare
751 3989 800 4023 non
813 3981 915 4037 potest:
935 3976 977 4022 alii
990 3976 1108 4038 uuillen,
1121 3984 1149 4024 ut
1162 3978 1222 4025 Bas.

125 4038 250 4099 habebat,
261 4047 287 4088 et
298 4034 482 4098 Victorianus3
500 4041 572 4090 Bern.
584 4047 611 4088 et
622 4040 655 4088 V.
674 4041 724 4099 Eu,
736 4040 790 4086 sine
811 4039 983 4102 aspiratione:
1001 4041 1068 4102 quod
1088 4048 1115 4088 et
1134 4047 1223 4090 tenen·

127 4103 189 4152 dum
201 4113 242 4152 est
253 4118 260 4162 ;
276 4110 304 4150 ut
316 4109 344 4151 ot
355 4102 430 4163 infra,
442 4105 481 4150 Eu
496 4104 617 4166 Phormio,
629 4119 662 4152 ex
679 4105 752 4152 Bem.
764 4110 791 4152 et
802 4104 844 4153 Vi.
866 4105 908 4153 Fe.
941 4105 1032 4153 Nostri
1049 4120 1149 4168 quoque
1168 4121 1221 4154 me-

127 4168 263 4218 lioresliu.
281 4170 359 4217 Bent.
395 4168 460 4223 Quid
471 4181 517 4232 pro
528 4169 568 4231 qui
584 4167 672 4226 Gueli.
684 4172 706 4218 1.
739 4168 807 4220 Heus
818 4182 865 4234 pro
876 4170 950 4220 Euri.
962 4169 1029 4221 Peri.
1063 4172 1109 4220 Est
1124 4170 1223 4220 omittit

193 4247 377 4312 valpertum.
387 4246 452 4298 Cius.
545 4272 547 4289 ι
624 4249 720 4298 Terent.
864 4274 868 4284 ·
1101 4255 1116 4300 3
1133 4249 1156 4297 Ρ
