2678 4694
357 330 592 388 ruounrours
616 334 699 383 rer.
715 335 763 385 ιι..
778 336 830 385 sc.
854 337 911 384 ιιι.
1106 325 1173 391 968

72 477 193 542 Prion.
217 477 311 542 Itane
340 478 483 556 tandem,
514 482 650 562 quaesoi
687 482 777 558 item,
804 490 840 547 ut
868 484 1085 562 meretricem,
1112 487 1172 551 ubi

205 581 333 645 abusus
348 585 407 659 sis,

73 681 266 747 Mercedem
282 684 363 749 dare
377 686 433 752 lex
445 685 541 767 jubet
554 685 597 761 ei,
611 691 712 768 etque
724 686 899 751 amitteret
923 707 978 766 en,

73 781 123 847 Ut
137 804 179 846 ne
194 785 276 867 qnid
288 792 382 870 turpe
397 787 483 852 civis
497 788 530 851 in
545 806 582 850 se
597 780 793 864 admitteret,

72 885 218 968 Propter
232 894 427 971 egestatem,
445 890 603 974 proximo
612 889 714 972 jusso
729 889 773 953 ’st
786 890 870 966 deri,

72 985 123 1051 Ut
137 1007 215 1052 oum
231 1009 298 1055 uno
315 998 448 1057 aetutem
460 992 620 1073 degerett
646 992 737 1076 quod
753 999 788 1057 tu
804 996 913 1059 vetes.
1126 995 1170 1059 70

71 1087 412 1256 Dn..1te;;proxugrlp
428 1093 582 1176 quidem:
605 1098 641 1159 at
654 1114 716 1159 uos
730 1094 842 1159 undet
859 1099 917 1160 eut
931 1096 1170 1180 quamobremt

237 1209 324 1256 nou.
404 1195 443 1257 e!

71 1289 211 1369 Actum,
227 1295 331 1371 aiunt,
347 1314 388 1358 ne
404 1314 499 1378 ogas.
555 1296 626 1359 Du.
649 1296 683 1360 N
685 1287 729 1361 on
745 1300 865 1378 egomt
889 1298 992 1367 immo
1007 1297 1170 1364 haedde·

43 1459 45 1464 ,
204 1413 328 1472 smum,

71 1494 189 1559 Donec
206 1496 376 1578 perfecero
391 1497 465 1562 hoc.
510 1497 633 1563 Ριιοιι.
649 1496 789 1581 Ineptis.
833 1500 903 1565 Dis.
918 1501 1000 1567 Sine
1015 1500 1126 1567 modo.

70 1597 195 1661 Ριιοιι.
219 1598 395 1662 Postremo
410 1605 519 1663 tecum
534 1601 615 1665 nihil
629 1603 678 1664 rei
692 1603 804 1680 nobis,
821 1603 1005 1686 Demipho,
1021 1608 1083 1665 est.

67 1697 166 1763 Tuus
181 1707 234 1762 est
249 1699 422 1765 dunmetus
438 1707 568 1784 gnatae,
582 1721 649 1765 non
664 1709 700 1767 tu
710 1723 723 1783 ς
744 1723 820 1769 nam
835 1711 893 1769 tuo
1127 1701 1172 1767 75
1198 1789 1201 1797 .

47 1886 186 1950 -ot'rgiuem
195 1887 321 1948 ingenuom
330 1888 465 1952 violaveris,
480 1895 503 1939 et
517 1905 569 1940 eum
586 1906 615 1940 eo
631 1887 820 1937 eoumeiudinem
831 1887 940 1938 deduceris
951 1888 1018 1952 quusi
1034 1903 1086 1938 eum
1096 1902 1169 1938 mere·

65 1952 137 2010 trice,
155 1952 178 2001 ei
191 1954 312 2014 pecuniam
326 1968 367 2015 pro
385 1954 506 2002 meritorio
526 1956 617 2016 questu
634 1955 699 2014 dure,
716 1956 787 2015 etque
807 1967 859 2001 eum
875 1954 910 2002 rie
925 1954 1063 2002 dimittere?
1078 1968 1110 2002 uu
1121 1967 1169 2003 nott
1213 1961 1217 1967 ‘

62 2016 227 2078 potiusJ‘udet,
242 2017 351 2092 proximo
363 2032 414 2066 eum
425 2019 450 2067 iu
462 2033 558 2067 uxorem
568 2020 630 2079 deri,
639 2022 667 2066 ut
678 2033 707 2065 ne
718 2017 777 2064 ciris
788 2016 873 2066 Attice
882 2017 992 2080 probrum
1002 2019 1096 2080 aliquod
1108 2018 1133 2066 ir
1143 2030 1168 2066 re

65 2081 226 2130 committeret
238 2082 319 2143 monia
335 2087 425 2144 ceneta,
436 2090 507 2146 utque
517 2099 569 2132 oum
579 2083 649 2132 unior
658 2082 710 2129 viro
721 2081 795 2128 ritem
806 2082 965 2145 transigeret?
981 2084 1042 2144 quod
1054 2087 1080 2130 tu
1089 2082 1170 2143 protri-

65 2142 116 2197 ber.
149 2149 202 2195 Dr..
220 2147 260 2195 Ite
271 2146 384 2205 lexjubet
394 2147 496 2209 quidem,
506 2162 556 2195 eum
564 2146 671 2208 proxime
682 2145 738 2192 dori
747 2144 774 2192 iu
784 2159 897 2194 nemen.-
908 2150 934 2192 at
942 2160 984 2192 nos
994 2147 1055 2193 unde
1063 2144 1174 2208 proximi

63 2211 88 2260 et'
98 2224 187 2266 smnus,
197 2217 240 2260 utet
249 2225 294 2273 qne
305 2209 416 2260 ratione?
449 2213 502 2259 Ριι.
521 2211 582 2271 Ode,
594 2226 622 2258 ue
634 2210 694 2272 quod
704 2209 775 2256 semet
785 2213 912 2262 uc'tttmest¹
924 2213 952 2256 nt
961 2208 1031 2269 vulgo
1044 2209 1092 2256 diei
1100 2208 1169 2268 rotet,

63 2274 155 2322 iterum
165 2291 231 2336 eges.
265 2278 318 2324 Dn.
336 2275 391 2322 Non
403 2281 491 2333 egomt
510 2274 588 2330 immo,
604 2289 651 2322 nou
662 2273 781 2326 mettium,
793 2275 863 2321 donee
868 2271 966 2331 felicem
972 2273 1049 2335 finem
1061 2273 1116 2321 huie
1133 2273 1169 2321 rei

64 2339 203 2400 impensem.
236 2340 290 2389 Ριι.
307 2340 413 2387 Delirus.
447 2340 499 2386 Dn.
516 2337 573 2386 Sine
592 2340 656 2386 modo
675 2351 712 2384 me
724 2335 817 2394 sotere.
850 2337 905 2386 Ριι.
924 2337 1043 2386 Postremo
1060 2337 1121 2386 niiit
1132 2337 1169 2385 rei

65 2402 134 2451 nobie
149 2411 185 2453 ert
203 2411 286 2467 tecum,
301 2403 431 2466 Demipho:
448 2408 502 2450 tuus
509 2401 590 2466 fitius,
608 2417 654 2451 uon
671 2407 706 2463 tu,
721 2403 884 2450 condennutus
903 2407 952 2451 ert:
970 2416 1025 2450 uem
1036 2402 1170 2461 sentorjam

525 2561 707 2583 ΝΜΟ

64 2645 169 2696 omittit
180 2646 293 2696 Βι.-66
311 2647 371 2695 Duo
383 2645 428 2693 ilio
440 2643 520 2692 verbe
530 2648 556 2690 tet
567 2643 712 2692 meretricem
724 2659 781 2694 esse
793 2644 951 2708 Interpretis
968 2644 1065 2692 indicat
1078 2651 1169 2707 aperte

65 2711 193 2769 senarius.
212 2712 274 2760 Gor.
306 2711 375 2758 Mire
388 2710 489 2757 varient
507 2707 589 2756 Codd.
607 2707 673 2757 Mes.
685 2716 713 2757 et
729 2709 858 2772 impressi.
890 2708 920 2757 In
934 2708 990 2756 aliis
1001 2716 1058 2756 est:
1075 2709 1168 2772 itidem,

63 2781 93 2824 ut
104 2773 249 2822 meretricem
255 2791 264 2830 ;
281 2775 307 2822 in
321 2772 469 2833 aliis,eioem
479 2773 537 2820 item
548 2776 575 2819 ut
591 2772 754 2830 meretricem
772 2787 858 2821 rursus
876 2775 902 2820 in
918 2772 984 2833 eliis,
996 2776 1069 2821 civem
1085 2773 1169 2821 itidem

63 2837 260 2888 utmeretrieem.
293 2838 323 2884 in
336 2837 369 2885 G.
382 2837 450 2885 inter
462 2851 538 2899 queso
550 2843 579 2884 et
588 2836 733 2884 meretricem
743 2837 837 2884 lacuna
849 2842 897 2884 est.
932 2836 1025 2885 Boend.
1036 2838 1118 2886 itidem
1130 2836 1170 2887 ott
1210 2846 1212 2851 ’

64 2900 213 2952 meretricem
223 2900 307 2950 ubuum
317 2901 358 2950 sis.
391 2901 436 2949 Er.
458 2907 486 2949 et
504 2900 563 2949 Riv.
574 2899 657 2948 itidem
668 2909 695 2948 ut
706 2899 860 2962 meretrieem3
873 2899 913 2948 uiri
922 2899 1007 2948 abusus
1017 2901 1060 2963 sis,
1078 2899 1169 2949 defen·

66 2969 143 3017 dunt.
176 2965 237 3026 Sed,
250 2963 395 3014 eirteieem
414 2965 500 3026 tollas,
519 2964 606 3012 neseio
618 2963 679 3026 qnid
699 2965 834 3028 elegantiae
853 2965 929 3027 perit.
950 2964 1027 3013 West.
1060 2964 1092 3013 In
1104 2965 1170 3013 enti·

65 3030 125 3095 quis
137 3027 208 3077 libris
220 3045 270 3079 non
287 3038 329 3079 est
345 3028 375 3077 ri
391 3030 481 3087 eioem;
497 3044 545 3078 nee
560 3045 576 3078 e
594 3029 697 3077 Donato
718 3030 838 3092 ponitur:
873 3043 906 3076 ue
927 3027 1041 3078 dictione
1059 3027 1170 3091 subiato,

66 3095 150 3143 adhue
164 3101 249 3143 tumen
267 3095 293 3143 in
305 3094 464 3143 dimetiendo
476 3093 579 3142 senario
600 3101 717 3143 remanet
733 3095 819 3158 alique
830 3093 857 3141 di
887 3094 980 3142 erutas.
1015 3093 1168 3145 existimem

66 3173 126 3222 ego,
138 3160 177 3206 vei
189 3158 217 3207 ri
234 3160 277 3208 Ite
287 3161 327 3209 trie
339 3158 543 3222 monosyllabum
560 3173 626 3215 esse,
637 3160 688 3217 vei,
700 3173 732 3208 ex
749 3164 786 3222 ut,
798 3164 808 3208 t
820 3158 1000 3222 abjiciendum.
1017 3158 1064 3207 Fe.
1097 3159 1168 3222 Lege

66 3224 124 3273 itan
134 3226 245 3281 teudem;
263 3231 290 3272 et
301 3225 372 3272 nulla
384 3231 465 3274 restat
476 3223 625 3272 difficultas.
652 3223 741 3272 ‚Civem
752 3238 767 3271 a
779 3225 872 3274 nostris
885 3237 987 3288 quoque
996 3223 1077 3273 abest.
1094 3224 1167 3273 Beut.

65 3289 136 3337 Mur.
153 3289 237 3337 omitt.
249 3289 306 3337 item
316 3293 343 3336 ut
352 3303 411 3336 mer.
429 3300 475 3351 pro
487 3289 579 3352 quibus
592 3287 677 3337 verbis
695 3289 790 3352 ingerit
809 3289 890 3338 einen.
923 3287 1011 3336 Itidem
1023 3288 1068 3337 dat
1080 3287 1169 3341 Gueli'.

65 3353 169 3401 2.Pert.
198 3352 232 3399 It.
243 3357 269 3400 ut
280 3367 338 3402 mer.
354 3366 406 3400 non
423 3353 503 3401 hebet
522 3352 619 3415 Delph.
653 3352 729 3414 Legit
745 3353 821 3402 Both.
843 3352 909 3403 itau’
925 3354 1168 3416 tandemquusime·

26 3456 34 3463 .
64 3417 185 3478 retritum,
197 3416 238 3465 ubi
248 3418 333 3465 abusus
343 3415 464 3464 εἰει-67
481 3417 559 3477 Atque
570 3418 695 3466 enritteret
711 3418 754 3479 un]
779 3418 811 3467 'ri
828 3434 859 3466 eu
876 3419 901 3467 in
912 3433 936 3468 o.
949 3419 967 3467 l.
979 3433 1000 3466 s.
1011 3419 1167 3479 principium

66 3488 109 3531 est
129 3482 288 3545 insequentis
300 3493 408 3529 versus:
426 3493 483 3544 quae
502 3487 588 3528 tamen
610 3480 739 3542 particula
754 3482 781 3529 in
801 3485 936 3531 scansione
954 3482 1068 3530 adhunc
1084 3483 1167 3543 ipsum

66 3545 192 3606 pertinet.
205 3546 251 3594 Fu.
285 3546 367 3595 Immo
379 3543 412 3593 ed
424 3551 576 3607 sequentem
587 3543 702 3606 pertinet
712 3558 759 3602 un,·
777 3551 803 3592 et
813 3550 841 3592 ut
852 3545 1002 3606 corripitur.
1019 3545 1092 3592 Beni.
1118 3546 1168 3591 Bo·

67 3609 137 3658 thius
147 3610 211 3672 legit
221 3611 259 3659 M.
270 3611 309 3659 lex
324 3612 380 3660 dure
391 3607 460 3668 jubet
476 3613 547 3671 utque
563 3608 681 3668 emittere,
699 3621 738 3656 eu.
773 3607 953 3656 ‘Partieuinm
970 3623 1010 3664 on,
1021 3623 1079 3656 cum
1092 3607 1168 3657 Line.

67 3689 99 3722 ac
109 3675 178 3723 Mur.
195 3675 255 3723 truie
268 3689 370 3738 oppono
381 3673 475 3721 versui.
510 3672 595 3734 Vulgo
612 3669 668 3720 infit
680 3671 711 3720 eb
729 3672 774 3720 illa
795 3672 923 3735 sequens.’
940 3672 1073 3720 Part-oe
1091 3672 1167 3721 Ciuis.

67 3738 153 3787 Abest
176 3739 232 3788 haec
253 3753 302 3787 vox
326 3754 341 3786 a
363 3738 514 3802 quibusdam
533 3735 608 3785 codd.
628 3737 700 3785 West.
735 3737 836 3800 Nostri,
856 3751 906 3785 uno
927 3742 1047 3798 excepto,
1069 3750 1167 3795 omnes,

66 3803 127 3851 ciuis
136 3809 213 3865 turpe.
249 3803 320 3866 Lege
333 3803 412 3864 igitur
424 3810 451 3852 et
463 3816 568 3851 numero
580 3809 607 3849 et
619 3802 710 3849 ordine
722 3802 837 3861 meliore,
847 3799 888 3850 Au
898 3806 925 3850 ut
934 3800 1019 3862 nequid
1030 3801 1088 3849 ciris
1099 3805 1167 3863 turpe

65 3867 149 3927 insere
163 3868 308 3916 admitteret.
325 3867 404 3930 Bent.
439 3868 505 3915 Civis
516 3873 583 3928 turpe
594 3866 639 3914 Br.
671 3869 679 3894 ⁴
694 3865 799 3915 Comme
816 3872 874 3929 post
893 3865 986 3915 admitt.
1002 3866 1113 3913 Peneum
1127 3878 1167 3914 se·

67 3930 144 3981 entus
157 3946 206 3995 ego
217 3931 312 3992 delevi,
330 3946 380 3992 quo
400 3933 496 3979 arctius
511 3931 650 3994 jungerem
670 3929 738 3992 quod
758 3944 847 3978 sensus
860 3930 1030 3988 desideraret,
1044 3930 1051 3955 ‘
1065 3929 1165 3980 udnritt.

68 3996 163 4059 Propt.
175 3995 314 4059 egestat.’'
330 3997 397 4043 Peri.
432 3995 538 4044 Comma
550 4008 651 4058 quoque
664 4008 713 4041 non
724 3994 819 4043 hebent
831 3996 876 4043 Βι.
888 3996 964 4043 Bent.
973 3993 1050 4043 Both.
1062 3994 1121 4057 Bip.
1134 3995 1166 4045 Z.

67 4061 162 4122 Deipir.
195 4062 254 4121 Ejus
266 4074 312 4122 pro
324 4060 382 4107 m'uis
392 4058 479 4108 Gueif.
494 4065 516 4110 l.
542 4065 566 4108 et
577 4066 635 4122 post
645 4059 739 4107 edmitt.
751 4062 840 4107 2.-rr
858 4060 921 4108 Cum
937 4059 988 4106 Ode
1006 4059 1051 4107 Βι.
1069 4074 1106 4107 vs.
1124 4073 1164 4108 se·

66 4133 190 4188 quentem
202 4126 304 4188 incipit.
330 4124 385 4172 Hoe
397 4137 443 4185 pro
454 4124 505 4171 Otre
516 4124 580 4174 GM.
591 4124 618 4171 in
630 4130 714 4185 textu,
726 4131 752 4173 et
764 4138 809 4184 pro
821 4138 875 4173 var.
889 4125 1011 4172 Oine-tt
1029 4123 1052 4171 A
1066 4124 1110 4173 Βι.
1121 4138 1163 4172 uo-

67 4189 106 4238 bis
117 4189 265 4239 abest-75
283 4189 347 4240 GM.
358 4191 503 4238 παίω-76
519 4189 589 4239 Mur.
605 4202 639 4239 ex
653 4187 716 4238 mn.
726 4189 828 4239 demedi
836 4193 911 4238 oetes:
928 4189 1055 4254 quomodo
1066 4194 1093 4237 et
1104 4189 1164 4236 Bo.-
