2678 4694
265 320 581 371 ιιιιιιιοιιιιιιοι.
603 319 686 369 ιιι.
707 321 764 369 ιιι.
788 321 841 370 sc.
864 323 889 369 ι.
1059 306 1126 375 695

97 485 136 528 us
151 469 202 528 cst
212 462 473 547 prehendeudnS,
487 471 590 547 atque
607 460 832 527 adhortandus
846 461 935 527 mihi.

97 587 129 630 re
143 567 262 630 nescio
273 567 350 649 quis
366 566 457 630 exit:
481 565 626 630 concede
638 565 717 629 hinc
731 565 880 643 domum,
1080 568 1125 633 90

99 688 162 733 nos
177 668 260 730 inter
274 686 335 730 nos
349 685 527 748 congruere
543 667 695 731 sentiant.

97 770 172 833 ilum
187 768 299 849 negoti
314 767 395 832 mihi
410 770 543 833 obstat:
567 767 680 831 Simus
695 773 730 831 et
744 765 847 846 Crito,

97 873 142 935 ini
156 871 273 948 nostri,
287 871 342 934 hic
358 871 528 951 ambigunt
542 868 585 932 de
599 868 740 934 finibus:

102 991 226 1054 cepere
242 972 418 1035 arbitrum:
442 973 509 1049 ibo,
525 991 566 1034 ac
581 970 703 1048 dicam,
717 977 755 1035 ut
766 971 929 1052 dixeram,

97 1092 177 1136 eram
192 1073 345 1137 daturum
356 1091 422 1150 mc,
436 1071 536 1137 hodie
550 1090 618 1134 uon
634 1092 737 1154 posse
751 1073 804 1136 his
818 1073 907 1138 dare.
1079 1072 1123 1139 95

97 1175 200 1239 itinuo
214 1175 270 1238 hic
286 1174 397 1237 adero,
442 1173 517 1237 Mn.
541 1173 736 1257 Itaquaeso.
779 1174 826 1238 Di
842 1179 989 1239 vostram
1003 1173 1121 1239 fidem!

98 1283 331 1359 comparatam
347 1295 420 1340 esse
433 1275 601 1340 hominum
616 1282 770 1340 naturam
788 1277 948 1355 omnium,

97 1464 122 1508 ut
130 1466 265 1522 properent,
275 1465 299 1508 et
303 1459 386 1522 fllium
394 1459 483 1508 ridear.
515 1457 590 1521 Syrna
600 1465 636 1508 ert
646 1459 706 1508 milri
719 1458 896 1516 conveniendae,
912 1464 983 1523 utque
996 1460 1124 1508 adimere·

97 1523 312 1588 ddrdacatfiliem
328 1528 394 1572 tunm
404 1525 436 1572 ud
446 1528 478 1570 ie.
512 1523 599 1571 Nercic
609 1524 793 1586 quirrgreditur
803 1538 819 1570 ι
829 1525 896 1570 derne
906 1539 967 1572 rnen.
1002 1523 1088 1582 Geqser
1099 1525 1124 1570 te

97 1589 199 1649 domum,
216 1602 245 1635 ne
253 1588 307 1651 filii
322 1589 398 1636 acciri
413 1586 545 1653 percipqunl
562 1601 603 1635 nor
619 1588 747 1637 consentire
764 1587 789 1635 ir
806 1589 886 1635 eudem
904 1592 990 1636 mente.
1023 1586 1122 1662 Aliquid

97 1653 190 1700 inercie
205 1652 303 1713 impedit
319 1666 364 1711 me,
379 1651 501 1713 qucmimu
518 1651 610 1698 domum
625 1665 689 1700 emar
705 1651 814 1699 uidelicet
832 1650 913 1699 Simus
928 1657 952 1700 et
971 1651 1039 1700 Crito
1049 1648 1124 1698 melai

97 1715 211 1778 liitigurrt
227 1716 266 1765 iric
281 1717 309 1763 de
325 1715 432 1764 terminia
450 1728 561 1775 ngremm
573 1727 681 1764 eaerum:
697 1716 817 1776 elegerant
827 1729 864 1764 me
875 1716 1000 1765 arbitrum.
1034 1714 1078 1763 Ibo
1088 1715 1120 1762 cd

97 1780 152 1830 trie
162 1781 239 1828 dicum
253 1794 289 1827 me
305 1795 351 1828 ma
365 1793 432 1840 pocae
448 1778 514 1827 hodie
531 1791 616 1826 cacare
632 1794 710 1828 eorum
728 1779 839 1842 negotiu,
848 1779 909 1828 ιίιιιί
916 1780 1070 1843 prcrrieerum
1084 1791 1123 1827 me

97 1859 170 1893 mm.
206 1844 330 1892 Contione
340 1848 428 1906 proeeto
450 1843 488 1890 iric
509 1856 557 1890 erc.
598 1843 654 1892 Mn.
672 1842 713 1891 Sic
727 1842 817 1905 sucina,
836 1858 902 1904 rogo.
943 1845 1000 1906 Dii,
1021 1850 1122 1892 nentrum

103 1913 174 1974 utque
185 1923 250 1972 opem
260 1906 359 1958 invoco!
375 1907 445 1956 Itane
456 1911 493 1956 eet
502 1920 591 1970 rernm,
600 1907 720 1969 ingenium
731 1908 848 1957 Marianon
860 1908 894 1958 ric
903 1923 952 1958 ιιιι
962 1908 1132 1969 mutarem,

487 2048 648 2070 unumne
651 2050 666 2069 Ι

97 2146 246 2196 ellenderrdue
254 2164 277 2198 ι.
288 2164 312 2197 ι.
323 2148 391 2198 miii.
425 2148 501 2209 Cupio
519 2149 596 2210 ipram
609 2147 666 2206 jum
683 2149 728 2196 Br.
762 2146 804 2196 Al.
827 2148 949 2196 omittunt
967 2147 1043 2210 iprum
1062 2160 1132 2209 perv

97 2226 123 2260 ιι.
147 2212 278 2261 Peri-89
301 2214 366 2263 Μιι.
386 2218 413 2262 et
433 2212 496 2261 editi
517 2211 631 2275 quidam,
654 2212 867 2275 apprehendendae.
902 2211 932 2260 ln
952 2211 1009 2260 cod.
1029 2210 1121 2262 Bembi

97 2281 179 2340 ptum,
195 2278 202 2304 ‘
216 2276 290 2325 deest
300 2279 346 2326 ad:
364 2277 409 2326 aed
421 2276 480 2324 ideo
492 2276 670 2339 praetermisit,
685 2277 743 2339 quia
752 2277 868 2325 dicturus
879 2283 936 2325 erat
946 2273 1122 2324 mulnario&

102 2340 231 2402 ipsissima
242 2341 392 2404 calphurnii
403 2342 482 2390 verba
499 2347 567 2389 cnut.
588 2342 661 2389 Weet.
692 2341 807 2389 ‘Omnes
828 2340 911 2389 nostri
930 2348 958 2390 et
969 2345 1040 2388 vett.
1060 2338 1121 2388 edd.

97 2405 239 2465 mdendur,
255 2406 322 2467 quod
334 2405 442 2453 vividius
454 2405 558 2467 uulgato
567 2404 761 2468 prehendendue!
778 2406 854 2454 Both.
889 2405 934 2452 Br.
945 2405 1041 2467 upprelr.
1052 2408 1122 2466 eique

97 2470 226 2518 idea—iil
245 2470 356 2520 Quidam
366 2470 403 2518 sic
415 2470 498 2518 versui
510 2469 663 2532 opitulatum
675 2476 746 2529 eunt,
763 2470 802 2517 Ne
818 2470 855 2517 ult
872 2484 914 2518 ace
930 2471 994 2518 inter
1009 2484 1052 2517 nor
1069 2483 1122 2516 eerr-
1217 2520 1220 2526 ,

97 2546 145 2582 ιι.
178 2534 227 2581 Vir
242 2535 359 2581 eruditus
377 2533 426 2582 hoc
446 2534 531 2593 modo,
547 2535 587 2582 Νι
603 2539 692 2581 nosmet
710 2536 774 2582 later
794 2548 837 2582 ace
853 2548 920 2594 cong.
940 2547 961 2581 ι.
993 2532 1125 2593 Dederat,

97 2610 129 2658 rr,
145 2595 254 2658 Auctor,
271 2599 311 2646 Ne
327 2613 369 2646 ace
386 2598 403 2645 i.
422 2613 448 2647 n.
465 2599 595 2646 coormtire
611 2612 630 2645 ι.
647 2598 726 2646 Bent.
758 2597 850 2657 ‘Vulp
864 2610 1001 2659 congruere,
1017 2596 1123 2645 labante

97 2677 100 2708 ι
111 2675 119 2708 2
137 2675 196 2709 nam
206 2676 333 2724 congruere
344 2662 439 2710 dixisse
452 2670 564 2722 veteres,
574 2660 786 2725 quemadmodum
798 2661 887 2709 dixere
899 2660 1008 2718 ‘servm'
1015 2660 1023 2687 ⁴
1032 2659 1125 2721 fulgos

97 2724 162 2837 Ιιξὲ
171 2725 247 2838 qqorss
259 2727 320 2838 litem
331 2724 448 2838 ‘soldireq’
467 2723 578 2799 ‘linire,'
595 2723 888 2837 ίιιιὲιίιίξ.;.ιιιιιιιιίἑιι,ῑ’
898 2740 949 2836 ”12³⁰
958 2723 1123 2836 qrroquthiliim

99 2823 107 2839 .
162 2805 209 2838 c.
253 2806 262 2837 ι
308 2804 336 2837 rr
386 2805 426 2837 er
460 2804 486 2837 cc
519 2801 602 2836 rurore.
656 2802 773 2836 enecone
808 2802 871 2836 roa
930 2802 1006 2836 er.—
1089 2803 1100 2835 ι

97 2867 130 2901 nn
142 2805 382 2916 [interiuosedfet
397 2806 452 2903 ET.
470 2804 593 2901 qunom
612 2850 637 2899 in
655 2850 736 2912 And]
753 2804 856 2899 Perillam
872 2853 915 2900 doc
933 2852 1022 2912 negoti.
1040 2802 1122 2900 West

97 2931 115 2966 *e
127 2931 161 2966 ex
171 2919 265 2966 nostris
277 2917 394 2967 omnibns
405 2925 432 2967 et
443 2916 501 2965 edd.
514 2923 578 2966 vett.
588 2916 741 2965 Paulumlroc
749 2916 836 2976 negoti.
853 2915 943 2976 Vides,
951 2924 979 2963 nt
988 2914 1121 2964 commode

97 2995 113 3029 :a
121 2981 320 3043 conjungantur,
337 2981 419 3030 tribus
428 2981 478 3029 illie
487 2983 546 3030 hinc
557 2981 657 3030 amotis.
691 2981 794 3043 Operam
801 2980 874 3028 dubo:
887 2980 986 3028 Paulum
993 2979 1069 3028 modo
1079 2979 1127 3028 loc

97 3045 150 3093 imi
159 3045 244 3094 eistat.
262 3046 344 3094 Recte
352 3045 395 3093 icoc
401 3061 410 3103 ,⁶
427 3045 488 3108 quia
497 3045 584 3094 statim
593 3051 690 3104 narrat,
700 3044 768 3108 quod
780 3043 831 3093 eit?
845 3045 917 3094 Beni.
935 3044 1085 3093 Paulumicr
1095 3059 1121 3094 rr.

97 3107 144 3171 lip.
155 3107 226 3156 Perl.
239 3110 317 3158 Both.
329 3110 425 3171 Delph.
459 3110 570 3158 Zeunius
585 3111 648 3170 legit
668 3109 797 3157 Paululum
812 3109 966 3170 negoti-93
983 3107 1060 3170 Vulg.
1073 3108 1122 3170 iric,

113 3173 156 3220 vi:
172 3173 231 3222 cod.
253 3173 286 3234 Α,
297 3174 331 3236 lui,
349 3172 416 3222 unde
438 3183 557 3236 apparet,
576 3174 700 3237 scripturn
717 3172 908 3235 inlacrimant
925 3174 1028 3236 passim.
1048 3173 1121 3221 Bora.

107 3237 172 3287 GM.
185 3237 241 3297 lite,
255 3237 323 3286 haud
339 3237 417 3286 dubie
429 3251 476 3299 pro
486 3238 532 3286 lte.
551 3238 619 3286 Peri.
656 3238 691 3285 Νι
701 3236 765 3285 dant
775 3238 820 3284 Bra
833 3238 988 3287 Perl.Beut.
1000 3238 1031 3286 Z.
1042 3237 1131 3287 Both„

107 3301 258 3363 legendnm
280 3308 369 3349 monet
388 3302 465 3350 Bent.
487 3303 515 3349 C.
534 3302 558 3350 Ιι.
579 3303 736 3350 aerum-er
754 3301 830 3352 Quod
848 3303 889 3351 liic
910 3301 1032 3350 emendat
1051 3301 1120 3365 Gny.

97 3370 237 3428 reparatum
247 3380 268 3413 ι.
281 3366 304 3413 lu.
314 3370 400 3413 nutura
415 3365 482 3427 c.‚,ei
494 3381 552 3414 cum
563 3365 731 3430 sequentibus
742 3372 890 3426 connector,
902 3366 942 3414 rix
953 3366 1120 3414 Latinitatem

97 3435 150 3478 tur.
184 3430 277 3491 Neque
289 3429 354 3477 adeo
365 3430 421 3478 haec
432 3429 512 3478 lectio
521 3429 634 3490 Fa'e'mo,
644 3431 689 3492 qni
700 3445 756 3478 earn
769 3431 865 3491 primns
879 3430 967 3479 docuit
978 3431 1122 3494 Grynum,

108 3508 138 3542 ue
154 3493 293 3556 approbat.
328 3491 362 3541 Et
382 3495 549 3542 Lactantium
568 3495 671 3557 legisse,
689 3499 982 3557 eomparatumrcturcm,
1000 3496 1121 3542 observat

97 3557 177 3606 alsius.
211 3556 262 3604 Sed
280 3564 307 3605 et
324 3557 363 3606 cl.
378 3557 496 3607 uraevius
515 3558 645 3619 vulgatam
664 3559 725 3606 lect.
745 3565 834 3606 tuetur
850 3559 881 3607 ad
899 3558 955 3608 Cic.
968 3559 1038 3605 Fam.
1050 3559 1120 3611 rial.

99 3656 107 3670 .
129 3622 138 3649 ⁴
151 3620 240 3683 Aliqui
253 3622 271 3670 l.
290 3635 309 3669 ι.
321 3621 389 3669 inter
401 3636 464 3685 quos
475 3623 548 3670 Bem.
560 3636 611 3671 non
624 3623 689 3678 Ilua,
703 3623 748 3671 aed
761 3623 801 3672 Itu
817 3622 922 3672 habent.
943 3622 994 3670 Sed
1008 3622 1080 3668 Bern.
1089 3632 1121 3666 eo

96 3685 145 3746 ine,
156 3683 224 3746 quod
237 3690 396 3746 comparatum
406 3686 484 3734 hebet
496 3702 503 3744 3
521 3701 553 3735 ex
574 3699 625 3749 qno
640 3694 725 3734 tamen
742 3694 834 3750 postea
845 3685 966 3736 effectum
978 3692 1017 3732 est
1028 3697 1121 3745 compa·

97 3763 115 3809 ι,
125 3765 142 3796 u
154 3749 229 3796 litera
238 3750 423 3813 superscripta,
435 3756 462 3798 ei
472 3756 585 3799 rutarum
593 3750 697 3813 quidem
709 3752 807 3812 habuit,
818 3751 864 3799 sed
880 3767 913 3809 m,
922 3748 1015 3797 deinde
1026 3747 1124 3808 deleto,

97 3813 151 3860 nsit
162 3818 264 3861 nutare:
281 3815 350 3876 quod
368 3815 390 3861 si
406 3815 547 3877 recipiatur
564 3814 636 3862 simul
649 3829 706 3862 curn
718 3829 781 3864 voce
797 3820 963 3877 conparatum,
976 3813 1026 3860 erit
1039 3811 1118 3862 ordo:

97 3886 265 3941 mmparatum
284 3891 341 3926 esse
354 3884 448 3928 natura
460 3880 571 3928 omnium
582 3879 724 3928 hominurn:
743 3887 780 3928 ut
794 3879 801 3908 ‘
813 3876 924 3928 natura?
940 3876 973 3926 ult
991 3876 1119 3927 ablativus

522 4039 629 4091 NOTAE
1192 4070 1197 4079 ·

97 4165 152 4216 pror
162 4156 200 4202 eet
213 4149 403 4215 prehendeadnr]
419 4149 452 4202 In
464 4151 580 4203 Andria:
598 4151 684 4202 ‘Tuus
696 4154 770 4215 pater
781 4147 857 4200 modo
874 4162 916 4228 me
932 4147 1129 4214 apprehendit'
1172 4028 1247 4424 (
