2678 4694
358 300 878 356 aunuentacr.v.ao.vna
1099 297 1163 363 525

336 541 493 608 ACTUS
517 545 560 609 V.
604 545 763 612 SCENA
784 546 891 613 VllI.

428 720 593 766 GNATHO.
638 721 801 769 THRASO.

61 812 136 881 GN.
160 814 265 894 Qum
281 816 395 882 uuncl
429 841 495 904 qua
521 843 592 906 spe,
617 830 676 888 aut
698 844 765 906 quo
788 825 940 916 oonsilio,
962 827 1028 891 huo
1049 827 1162 894 imusi

195 917 277 1000 quid
292 921 456 1002 inceptas
470 922 626 988 Thrasoi

61 1019 133 1082 Tu.
157 1019 298 1100 Egonel
321 1028 356 1087 ut
370 1022 494 1087 Thaidi
509 1043 563 1088 me
577 1025 707 1104 dedam,
731 1027 906 1093 etfaciam
931 1031 1023 1112 quod
1034 1030 1164 1114 jubeat.

195 1122 269 1187 GN.
291 1123 385 1203 Quid
400 1128 474 1191 esti

59 1222 134 1288 Trt.
158 1220 230 1300 Qui
243 1225 369 1303 minus,
386 1222 486 1309 quam
502 1226 671 1294 Hercules
686 1231 823 1296 servivit
840 1232 1046 1316 Omphaleei
1092 1235 1163 1301 Ga.

194 1326 396 1411 Exemplum
411 1329 532 1411 placet.

95 1535 163 1593 Ort.
176 1546 227 1594 Car
237 1547 342 1596 venimus
359 1549 412 1609 hac,
431 1564 493 1598 aum
510 1565 563 1599 cam
576 1550 648 1599 Thais
664 1549 708 1598 tibi
723 1552 788 1600 irata
805 1549 860 1601 est?
876 1567 927 1614 qua
938 1551 1034 1614 iiispes
1044 1557 1087 1613 est,
1105 1553 1166 1614 qaod

62 1609 187 1657 amcitiam
208 1614 235 1658 ut
256 1612 393 1661 acaiaamsl
418 1613 487 1668 Quod
505 1621 603 1678 captam
620 1621 687 1663 tuum
705 1622 749 1676 ert,
768 1616 873 1664 Thmoo?
905 1617 957 1664 Tu.
979 1617 1012 1664 Ut
1027 1616 1111 1665 Thaidi
1130 1631 1177 1665 me>

60 1673 146 1720 dedam
157 1674 242 1732 ohtam,
253 1675 373 1733 etfaciam
383 1692 530 1740 quecumque
540 1681 671 1741 imperabit.
705 1682 756 1729 Gn.
771 1677 895 1735 Qaidest?
927 1682 982 1728 Tu.
1000 1682 1079 1735 Quare
1090 1682 1167 1730 miatts

60 1737 166 1785 maiam
180 1737 274 1801 Thaidi,
283 1754 352 1802 quam
364 1740 481 1790 Heroides
497 1744 599 1793 servivit
612 1742 745 1807 omphale?
778 1744 834 1794 Ga.
853 1745 992 1808 Exemplum
1002 1747 1061 1795 ntihi
1069 1752 1166 1809 matum

529 1900 705 1922 ΟΜΜΝΝΙΟ

96 2020 110 2064 l
132 2016 184 2066 Ms.
198 2016 268 2080 Lips.
280 2033 326 2081 qim
335 2033 374 2081 spe
385 2018 429 2067 huc
440 2020 519 2067 imus?
535 2025 577 2067 aut
588 2033 631 2080 quo
643 2016 755 2068 coasilio?
772 2019 824 2068 Ma.
836 2018 906 2082 Lips.
918 2026 945 2067 et
957 2019 992 2067 G.
1020 2020 1061 2067 uid
1070 2017 1167 2081 cepturi

62 2082 149 2140 West.
184 2081 249 2136 Quid
259 2084 331 2145 nunc]
350 2084 411 2132 Par.
423 2083 551 2143 Mssacis.
586 2082 662 2134 Quod
680 2085 806 2145 glossema
816 2099 909 2132 censeo
920 2097 986 2130 esse.
1029 2085 1072 2131 eri.
1105 2083 1166 2146 Cep·

10 2178 12 2183 -
63 2151 111 2204 tos,
121 2145 140 2194 i.
150 2159 175 2194 e.
185 2151 273 2209 coeptos
283 2146 316 2207 B,
329 2147 361 2208 C,
373 2148 433 2196 Hel.
446 2162 479 2196 ne
498 2147 531 2195 de
549 2161 595 2195 suo
615 2146 717 2196 dedisse
737 2148 763 2196 id
783 2148 929 2196 Bentleium
948 2147 1004 2210 qtiis
1024 2146 1165 2197 existimet.

62 2210 221 2272 Vulg.male
238 2211 350 2272 inceptas.
367 2212 446 2259 Both.
472 2212 567 2274 Captae
578 2218 606 2259 et
624 2212 757 2260 Ba-aa
780 2211 845 2268 Quid
860 2216 913 2259 esti
937 2211 992 2259 'ra
1010 2211 1059 2265 Qui
1081 2212 1168 2273 mittut,

62 2287 135 2336 quom
148 2273 264 2322 Hecates
274 2276 371 2323 remisit
386 2275 520 2337 Omphale]
537 2275 633 2324 Omnia
643 2276 699 2324 haec
716 2276 749 2323 G.
763 2276 792 2323 F.
805 2278 883 2324 vellet
900 2274 973 2323 dicta
986 2290 1001 2322 a
1019 2275 1168 2325 Gnathoue.

63 2336 123 2400 Ego
134 2351 207 2399 vero,
227 2339 249 2386 si
262 2353 308 2402 per
321 2338 403 2388 codd.
416 2339 516 2400 liceret,
534 2339 618 2388 omnia
639 2353 687 2386 uec
704 2339 830 2388 Thrasoni
849 2339 1023 2401 ascripserim,
1033 2353 1082 2388 nec
1094 2340 1167 2389 Gna·

64 2402 157 2462 thoui3
177 2402 222 2450 sed
236 2411 333 2467 putem,
344 2402 460 2452 ordinem
473 2417 640 2466 personarum
662 2417 717 2450 esse
730 2403 877 2463 turbatum;
894 2404 1111 2466 Thrasonemque,
1123 2404 1167 2453 ubi

64 2467 185 2526 dixisset,
195 2467 240 2515 ‘ut
249 2468 296 2515 Th.
309 2481 349 2515 me
361 2467 386 2515 d.
399 2465 483 2531 etfiq.
491 2467 523 2529 j.'
534 2467 664 2515 videntem
674 2467 821 2515 Gnathonis
831 2467 982 2516 admirantis
991 2467 1167 2527 vultum,mox

64 2531 241 2594 subjunxisse,
254 2532 261 2558 ‘
272 2532 340 2582 Quid
349 2539 387 2580 est
396 2531 414 2579 ?'
430 2546 541 2596 moxque
554 2531 727 2591 Gnathonem,
739 2546 771 2579 ne
784 2533 834 2579 no'n
844 2532 994 2596 adularetur
1005 2532 1029 2578 iu
1041 2546 1069 2579 re
1081 2547 1168 2593 quam·

64 2594 130 2644 libet
141 2597 225 2658 turpi,
236 2595 350 2644 dixisse:
370 2597 384 2639 .‘
396 2597 447 2646 Qui
458 2597 550 2656 miuus,
562 2611 587 2659 q.
607 2596 641 2644 Η.
653 2611 673 2643 s.
693 2596 828 2658 Omphalae
837 2597 853 2644 i'
879 2595 982 2645 demum
994 2597 1167 2658 Thrasonem,

62 2661 242 2723 ‘Exemplum
254 2659 360 2723 placet!
386 2659 427 2709 Aa
440 2676 497 2724 quae
516 2660 620 2709 Gnatho
639 2673 777 2707 conversus
797 2659 828 2707 ad
849 2668 1022 2721 spectatores,
1040 2661 1168 2708 ‘Utinam

65 2724 111 2772 tibi
124 2734 215 2773 c.'v.s.
226 2734 304 2785 caput
316 2725 331 2773 !’
348 2725 413 2774 Quae
426 2731 578 2786 sequuntur,
597 2723 695 2783 optime
708 2724 858 2771 tribuuntur
869 2724 1000 2772 Thrasoni.
1033 2723 1097 2785 Alii,
1118 2725 1168 2779 Qui

65 2787 217 2838 mimhuic.
234 2789 318 2837 West.
353 2789 418 2844 Quid
429 2790 475 2851 est]
491 2788 589 2843 Malim,
600 2788 665 2843 Quid
673 2788 726 2834 aiat
743 2788 810 2835 Nam
821 2794 859 2834 est
870 2788 1027 2835 admirantis.
1060 2789 1106 2836 dis
1115 2803 1168 2837 mo·

65 2853 266 2916 uosyllabon,ut
278 2853 379 2915 passim.
391 2854 465 2901 Beat.
482 2853 603 2901 Beni-est
616 2866 664 2913 pro
674 2865 720 2898 sua
733 2851 837 2899 lieentia
845 2852 928 2898 emisit
936 2866 965 2899 ac
977 2852 1111 2899 substituit
1121 2854 1167 2913 ais,

65 2924 94 2966 ut
106 2917 322 2978 monosyllabum.
350 2918 400 2965 Sed
415 2918 479 2972 Quid
489 2922 524 2965 eat
534 2915 719 2964 Tltrasouicum
731 2915 804 2962 nohis
817 2914 927 2963 videtur.
957 2916 1109 2977 Qttanquatn
1120 2930 1168 2979 ego

66 2981 90 3029 in
104 2979 196 3031 Guelt'.
219 2986 240 3028 l.
258 2982 345 3029 inveni
363 2982 427 3036 Quid
443 2978 518 3030 dicia?
543 2981 619 3031 Quod
640 2980 716 3042 Angli
737 2995 798 3028 saue
817 2981 960 3042 attingeret
981 2981 1167 3042 conjecturam.

65 3047 114 3102 Qui
126 3047 220 3094 minus:
239 3046 298 3094 Par.
310 3061 334 3109 p.
352 3061 403 3093 var.
416 3046 481 3101 Quid
492 3061 523 3095 m.
555 3047 647 3094 Totum
660 3045 756 3107 mavult
775 3045 807 3092 G.
820 3043 1097 3093 udtctassnatnone.
1130 3045 1169 3094 At

65 3109 980 3237 {dimittitistlii'itlilhdiffiditilliithll
999 3111 1169 3222 iahilu

66 3241 104 3288 sic
116 3240 263 3302 quaesisset,
286 3240 350 3294 Quid
367 3236 426 3287 ais?
448 3238 516 3302 quod
537 3239 614 3286 Bent.
636 3252 681 3300 pro
703 3237 786 3286 lubitu
804 3238 947 3300 rescripsit.
980 3239 1085 3286 Rectius
1107 3253 1167 3287 vero

66 3303 242 3352 Westernovii
261 3304 414 3351 seutentiam
436 3303 626 3364 amplectimur,
647 3317 696 3364 qua
717 3302 747 3363 is,
767 3317 877 3364 persona
895 3301 1041 3351 Gnathonis
1065 3304 1166 3365 omissa,

66 3368 191 3416 Thrasoni
204 3375 232 3417 et
244 3369 298 3416 haec
316 3382 374 3415 cum
386 3382 429 3430 aeq
451 3403 457 3416 .
471 3366 572 3416 tribuit.
602 3366 729 3416 Miramur
747 3367 781 3415 G.
795 3367 823 3416 1².
835 3368 891 3415 haec
902 3366 987 3414 omnia
997 3366 1061 3421 Quid
1072 3373 1127 3416 est.
1142 3400 1148 3414 .
1161 3398 1167 3412 .

68 3434 192 3495 Omphala
203 3433 276 3481 dicta
287 3432 397 3480 voluisse
408 3446 424 3479 a
433 3384 584 3494 diuathone,
603 3431 729 3496 quomodo
745 3438 774 3480 et
791 3429 834 3480 ed.
855 3445 946 3480 recusa
959 3435 1032 3479 1580.
1045 3430 1079 3479 ad
1091 3431 1168 3479 ratio·

69 3512 126 3546 nem
136 3497 298 3546 Melanchth.
313 3504 340 3545 et
355 3496 455 3544 Erasmi
466 3496 551 3545 hahet.
584 3497 619 3544 Et
631 3495 717 3559 iidem}
727 3495 841 3544 trihuuut
853 3496 932 3544 verba
949 3495 957 3522 ‘
971 3495 1019 3544 Ex.
1031 3496 1074 3558 pl!
1092 3497 1171 3544 Thra·

68 3563 139 3624 soui3
156 3561 362 3625 quodioeptnm.
394 3561 461 3610 Sunt
478 3560 556 3608 verba
573 3561 701 3609 adulantis
721 3560 746 3607 in
766 3574 794 3608 os
814 3560 904 3620 stulti;
931 3558 1057 3607 sedidem
1069 3559 1167 3607 Gnad

70 3633 231 3688 spectatores
243 3640 382 3674 conversus
393 3633 421 3675 et
433 3625 600 3674 summissiori
621 3638 685 3673 voce
704 3624 850 3686 exemplum
862 3625 894 3672 ed
916 3623 1057 3672 irrisionem
1073 3623 1167 3672 Militis

72 3689 432 3753 exequitur‚‘Utinam,’&c.
448 3690 508 3752 Bip.
544 3690 685 3745 Qaimiaus
704 3688 937 3752 huicDelph.Bip.
971 3689 1063 3735 Dedam
1080 3687 1169 3736 Thaidi

73 3769 106 3803 me
117 3756 195 3804 Both.
209 3754 327 3818 Omphale
336 3756 403 3818 Eug.
416 3754 499 3804 Notat
511 3754 584 3802 Perl.
596 3753 653 3815 quid
664 3768 710 3818 pro
721 3755 782 3816 quod
793 3768 849 3801 esse
862 3754 888 3801 in
901 3750 990 3801 Guelf.
1002 3755 1027 3799 2.
1038 3751 1088 3800 uisi
1107 3752 1171 3802 velit

532 3898 674 3971 *noua

103 4007 116 4052 3
134 4008 211 4060 Quam
221 4004 339 4053 Hercules
352 4005 451 4054 amitit
462 4003 597 4067 Omphale]
638 4001 677 4050 nis
689 4001 818 4063 exuviutu,
827 4001 985 4066 clavamque,
997 4007 1025 4050 et
1036 4016 1106 4050 erma
1117 4000 1169 4064 ipsi

79 4075 208 4142 Omphales
220 4080 310 4142 Lydiae
323 4079 427 4143 Reginae
440 4094 526 4129 amore
538 4095 597 4142 cap·
638 4077 764 4140 gestanda
780 4076 951 4127 concederet:
969 4079 1025 4141 ipse
1041 4093 1100 4127 vero
1114 4092 1168 4127 mu·

80 4157 113 4200 tus
130 4154 259 4206 Hercules
276 4167 307 4203 eo
325 4168 353 4203 se
369 4153 482 4219 demisit,
496 4163 524 4205 ut
548 4156 598 4204 leo·
638 4154 712 4206 liebri
723 4152 812 4204 habitu
823 4155 889 4206 inter
901 4155 1107 4221 virginesaeret.

1149 4072 1276 4419 4
