2678 4694
114 304 179 373 804
484 317 514 365 r.
537 315 719 365 rnanuru
743 312 833 367 sani

114 460 284 524 Comitum
301 463 495 549 conuentus,
511 457 685 539 strepitus,
699 456 825 520 clamor
838 453 1027 532 mulierum,

118 562 256 640 Fecere,
272 568 310 624 ut
326 567 402 624 anta
418 564 549 642 tempus
565 559 691 622 exirem
706 557 810 622 toras.

115 661 239 726 Vetere
252 665 284 726 in
300 683 389 727 nova
404 662 494 745 coepi
510 662 558 724 uti
573 659 827 736 consuetudine,

117 763 159 829 In
173 764 379 848 experiundo
393 771 429 828 ut
446 781 578 827 essem:
600 760 705 825 resero
719 757 840 823 denuo.

115 863 231 928 Primo
248 873 326 929 actu
343 866 481 948 place03
504 883 581 929 cum
595 864 719 927 interea
732 879 844 925 rumor
857 858 957 936 venit,

116 965 240 1030 Datum
257 967 296 1029 iri
310 966 518 1048 gladiatores
531 985 541 1044 3
563 964 712 1047 populus
727 961 904 1039 convolat3

115 1066 383 1143 Tumultuantur,
398 1067 556 1142 clamant,
572 1070 718 1149 pugnant
732 1064 773 1128 de
787 1063 883 1126 loco:

115 1168 188 1251 Ego
203 1170 325 1232 interea
340 1188 449 1232 meum
465 1188 531 1233 non
547 1168 644 1250 potui
661 1167 760 1231 tutari
773 1166 897 1229 locum.

116 1269 217 1335 Nunc
232 1270 330 1333 turba
345 1269 437 1332 nulia
449 1277 518 1333 est:
542 1270 658 1346 otium,
674 1273 709 1331 et
723 1266 893 1330 silentium
908 1266 977 1327 est:

115 1371 247 1454 Agendi
262 1378 395 1453 tempus
410 1371 489 1434 mihi
503 1370 617 1433 datum
631 1376 701 1434 est:
724 1369 819 1434 vobis
833 1366 932 1430 datur

116 1474 275 1541 Potestas
289 1470 529 1537 condecorandi
542 1470 638 1534 ludos
653 1470 815 1534 scenicos.

117 1576 234 1643 Nolite
250 1576 357 1637 sinere
371 1593 431 1656 per
444 1593 506 1637 vos
521 1578 624 1636 artem
638 1571 795 1635 musicam

120 1675 287 1741 Recidere
301 1675 342 1737 ad
357 1693 505 1757 pancos:
528 1674 637 1750 facite,
652 1678 689 1736 ut
702 1676 816 1736 vostra
827 1671 1006 1735 auotoritas

118 1777 208 1841 Meae
225 1775 416 1839 auctoritati
431 1774 554 1838 fautrix
569 1773 782 1856 adjutrixque
797 1771 853 1835 sit.

118 1878 157 1941 Si
172 1895 344 1958 nunquam
358 1894 459 1939 avara
474 1874 616 1958 pretinm
630 1875 728 1938 statui
744 1872 805 1936 arti
819 1891 914 1947 mem,

118 1978 162 2042 Et
176 1997 252 2040 eum
268 1995 343 2040 esse
357 1981 531 2059 quaestum,
546 1977 581 2038 in
596 1977 739 2039 animum
754 1973 882 2049 induxi,
900 1990 1110 2050 maxumum,

119 2077 231 2158 Quam
247 2097 403 2143 maxume
417 2079 538 2142 servire
553 2080 679 2144 vostris
696 2077 881 2142 commodis
894 2097 904 2156 ;

57 2246 60 2255 ,
119 2181 226 2247 Sinite
242 2181 419 2260 impetrare
434 2197 497 2254 me,
513 2180 572 2261 qni
589 2181 623 2243 in
637 2180 776 2242 tutelam
790 2198 898 2241 meam

121 2280 275 2345 Studium
289 2298 397 2354 suum,
411 2284 444 2340 et
459 2299 495 2341 se
511 2281 546 2340 in
561 2287 710 2343 vostram
725 2280 893 2343 commisit
906 2278 1018 2354 fidem,
1160 2271 1191 2339 45

117 2450 187 2500 tandi
195 2450 340 2510 funambuli,
346 2466 469 2499 concursus
480 2465 557 2499 eorum
572 2453 611 2514 qui
621 2453 647 2501 in
658 2458 738 2502 nostro
748 2458 804 2502 sunt
812 2454 934 2514 comitatu,
944 2453 1067 2507 mutuum,
1077 2446 1194 2509 nanturra

118 2516 252 2576 mulierum,
263 2532 299 2564 me
309 2515 434 2576 co'e'gerunt
447 2517 539 2576 egredi,
548 2522 604 2564 ante
615 2517 845 2580 cauepletamsobuloe
855 2517 980 2575 sermnem,
991 2522 1062 2573 entra
1080 2515 1194 2562 Theatrum

121 2581 188 2642 Capi
207 2582 244 2628 uti
264 2579 359 2643 antiqua
376 2580 549 2638 cmuuetudine,
566 2595 611 2643 quo
628 2596 682 2628 rasus
692 2582 735 2640 sui
751 2583 776 2629 in
791 2581 880 2629 Caecilii
891 2580 991 2640 sodalis,
1002 2582 1029 2628 in
1039 2595 1098 2627 nos-a
1112 2573 1195 2626 ronti

122 2643 240 2693 Cornoedio
265 2645 369 2708 Hecyra,
389 2650 415 2692 ut
434 2647 460 2691 in
477 2646 579 2707 periculo
593 2644 702 2704 faciendo
724 2646 865 2706 insisterem,
884 2650 908 2693 et
924 2649 1019 2691 tentare
1034 2653 1196 2705 permaneres·

120 2709 212 2756 Iterum
230 2708 352 2772 Hecyram
364 2709 506 2756 Comoediam
524 2710 646 2757 introduco
664 2710 689 2757 iu
703 2709 838 2759 Theatrum.
871 2709 954 2757 Primo
970 2714 1027 2757 actu
1035 2706 1195 2768 gratassund

118 2778 242 2834 acceptus:
258 2787 311 2820 eum
320 2775 410 2833 interea
420 2788 494 2820 semro
504 2773 625 2835 spargitur
640 2774 771 2822 extitimus
788 2773 821 2822 iri
835 2773 989 2835 gladiatores.
1023 2773 1067 2820 Fit
1076 2771 1197 2829 subitaru-

116 2836 170 2898 puli
179 2851 311 2896 coemeram,
322 2837 397 2884 turta
408 2838 550 2897 excitantur,
560 2837 727 2898 conterantur,
744 2843 833 2887 senam
853 2843 948 2898 propter
958 2838 1048 2884 mmm:
1065 2850 1109 2896 ego
1124 2835 1197 2881 intem

118 2901 175 2949 dam
187 2898 329 2963 taefierent
340 2915 385 2948 non
393 2900 461 2962 potui
469 2902 593 2961 defendere
603 2904 674 2950 mcum
685 2902 710 2950 in
721 2917 765 2963 quo
780 2902 830 2964 ipse
840 2901 947 2961 agedum.
981 2901 1054 2948 Nunc
1064 2894 1197 2948 turnultuallu

124 2965 189 3012 nulla
200 2970 245 3024 eat,
257 2965 417 3025 tranquillitas
427 2970 450 3013 et
462 2967 614 3013 taciturnitas
630 2965 790 3025 observantur,
807 2969 894 3013 occasio
913 2971 1044 3027 opportuna
1059 2955 1198 3012 remandat

122 3028 232 3076 oedilidas
242 3028 300 3076 milui
309 3028 435 3090 praebetur.
468 3029 539 3077 Vobis
550 3031 605 3077 licet
615 3030 679 3078 ludos
692 3030 836 3088 Theatrales,
848 3030 924 3092 quiin
939 3043 1008 3076 scena
1019 3034 1132 3089 aguntur,
1147 3023 1199 3072 calu¹

120 3097 213 3139 nestore
222 3094 307 3150 sonore
322 3091 414 3140 silentii
432 3093 513 3142 nestri.
546 3093 628 3142 Nolite
644 3095 796 3156 committere,
811 3098 838 3142 ut
854 3109 895 3140 ars
906 3092 1004 3141 Pa'e'tica
1018 3107 1104 3155 macas
1113 3087 1199 3153 namu

118 3155 209 3216 peritos
218 3154 311 3215 tundent,
327 3161 350 3203 et
360 3158 391 3203 ad
400 3170 485 3218 paucos
494 3157 612 3232 permmat
623 3174 631 3205 .·
648 3159 765 3206 concedite
775 3158 834 3206 milri
844 3157 973 3205 subsidium
984 3164 1090 3204 oestrum
1100 3163 1123 3204 et
1131 3149 1198 3216 prasi·

120 3218 195 3290 dium,
210 3219 265 3264 dum
276 3219 344 3266 enine
355 3219 432 3266 laboro
448 3220 474 3266 in
485 3223 591 3278 Juoondo
610 3221 698 3269 Po'e'tus
715 3236 837 3284 eorumque
854 3221 940 3270 studia.
974 3219 1135 3282 Sinunquum
1144 3226 1199 3264 aaut

121 3286 170 3328 artu
181 3294 238 3328 meoe
247 3281 424 3329 estimationem
434 3287 458 3329 et
469 3284 694 3346 indicationemseci,
704 3292 728 3334 et
745 3287 804 3334 milti
813 3285 918 3347 persuum
927 3287 1017 3333 lucram
1032 3285 1099 3332 istud
1108 3296 1152 3330 esse
1160 3291 1198 3326 dt·

119 3345 260 3406 piissimum,
278 3347 362 3393 cedris
376 3345 527 3406 utilitatibus,
544 3354 568 3394 et
585 3351 744 3399 enrolumeutis
753 3356 822 3412 atque
833 3349 1006 3398 oblectamentis
1015 3349 1145 3400 immuire5
1157 3355 1200 3405 pm

121 3408 211 3456 mittite
221 3424 257 3456 me
267 3408 309 3455 loc
323 3424 339 3456 a
349 3409 413 3458 eodm
423 3410 528 3472 precibus
538 3412 650 3474 obtinere,
662 3430 691 3463 ne
708 3429 759 3462 eum
769 3415 872 3463 delusum
889 3411 987 3473 improbi
997 3410 1103 3472 improbe
1115 3404 1199 3458 44444144

120 3472 230 3535 labeant,
241 3475 282 3536 qai
291 3474 394 3522 studium
408 3479 431 3523 el
442 3489 534 3538 mam
543 3478 604 3524 artis
612 3491 660 3526 suoe
670 3478 729 3526 miti
738 3479 856 3532 tuendam,
865 3482 889 3523 et
905 3489 930 3522 se
936 3473 1001 3538 fidei
1010 3473 1121 3534 etfaoari
1136 3475 1199 3523 aad·

582 3599 762 3618 &mm

123 3685 187 3730 -at
205 3680 335 3730 Hominum
349 3687 472 3730 conuentus
491 3681 569 3730 Both.
586 3682 700 3745 strepitus
716 3682 938 3746 Laidaquiaque,
950 3683 1021 3744 Lips.
1033 3677 1200 3733 Rodanum

123 3746 163 3794 Μ.
175 3746 231 3795 ΕΡ.
243 3746 259 3796 J
263 3754 317 3794 unt.
329 3746 388 3794 Ala.
406 3746 443 3794 St.
460 3747 510 3795 duo
522 3747 586 3794 Mss.
598 3747 665 3808 apird
677 3747 758 3796 Boecl.
769 3755 796 3796 at
807 3747 923 3796 Donatus
931 3748 1052 3795 studium:
1070 3763 1127 3810 quae
1143 3748 1199 3794 ‘lee-

123 3807 161 3858 tio
178 3810 269 3858 melior
280 3810 380 3859 ridetur
392 3808 500 3858 Heinsio
512 3809 544 3857 ad
556 3811 634 3860 Ovid.
646 3809 735 3860 Amor.
747 3824 789 3860 111.
800 3815 823 3858 2.
836 3811 885 3860 6⁷!
901 3811 934 3859 R.
947 3811 981 3858 D.
998 3811 1105 3860 studiana
1116 3808 1200 3874 placuit

124 3879 152 3920 et
163 3873 328 3923 Gambareilo
340 3875 450 3923 Fabrino
468 3883 495 3923 et
516 3875 558 3923 Fr.
579 3876 772 3924 Fabricio—³³
792 3875 944 3924 tumultuarit
955 3875 1028 3925 lunt.
1040 3890 1101 3923 mox
1111 3874 1200 3924 emanet

124 3940 148 3983 et
156 3935 220 3984 GM.
232 3953 383 4000 perperam
395 3946 436 3986 est
448 3938 515 3987 enim
529 3939 679 4001 asyndeton.
687 3940 751 3988 Peri.
764 3944 894 4000 repugnant
908 3941 1012 3988 Medo
1022 3940 1081 3988 Nan
1092 3945 1126 3988 est
1136 3939 1200 3987 neu

124 3999 230 4048 Domai
241 4001 318 4050 Both.
334 4004 498 4052 tacita-41.
511 4008 552 4053 42.
564 4007 595 4051 43
613 4004 672 4052 Hoc
684 4003 816 4050 tristichon
828 4004 926 4052 omittit
936 4004 1015 4052 Both.
1026 4005 1089 4067 qnia
1104 4004 1130 4051 id
1146 4006 1204 4064 apte

125 4064 238 4130 positum
248 4070 290 4114 est
301 4067 327 4117 in
346 4067 523 4117 Heautontim.
541 4067 662 4132 Protoga,
678 4067 718 4116 hic
739 4067 896 4116 minua-42
912 4068 978 4117 Mas.
995 4067 1101 4131 quidem
1112 4062 1204 4117 etedle'

1240 2494 1242 2533 ι

1239 2554 1242 2607 Ι
