2678 4694
309 281 558 363 'rnonutonrs
581 313 667 363 aar.
692 314 717 361 r.
740 313 791 362 so.
816 312 867 359 ru.
1079 297 1143 361 987

40 458 115 523 An.
137 458 224 524 Cum
238 458 303 523 hoc
319 479 385 523 non
398 478 549 541 possum,
562 458 649 522 illud
665 459 772 523 minus
787 446 932 542 possem.
977 457 1045 522 Gn.
1063 456 1143 521 Hoc

174 560 255 625 nihil
269 567 331 637 est,
348 559 524 623 Phaedria:
547 558 651 623 ilicet.

44 660 142 740 Quid
156 661 211 725 hio
227 663 426 726 conterimus
446 680 581 744 operam
602 661 751 724 frustrat
774 661 855 744 quin
878 660 989 725 aheot
1035 658 1137 722 ΡΜ..

133 830 139 836 ,
172 763 218 827 Et
232 763 367 846 quidem
382 783 454 844 ego.
498 761 571 826 Au.
594 761 765 825 Obsecro:

22 863 139 942 -Qutd
154 865 184 929 si
200 864 385 929 assimulat
409 861 507 929 satin’
523 865 597 928 esti
640 862 712 928 Gn.
734 861 866 928 Garris.
909 861 981 927 Au.
1004 861 1144 927 Voltum

173 966 462 1048 contemplamini:
484 964 581 1029 hemi

41 1064 298 1133 Satin’sicestl
343 1065 519 1166 Go.Non.
563 1062 636 1128 Art.
653 1062 745 1143 Quid
761 1064 792 1127 si
808 1064 886 1129 sicl
931 1062 1145 1145 GrnPrope·

172 1166 319 1233 modum.
363 1165 437 1231 Art.
462 1164 555 1244 Quid
572 1167 602 1229 si
618 1165 693 1230 sicl
738 1164 807 1230 Gn.
831 1166 894 1229 Set
908 1172 971 1229 ost.

33 1347 128 1408 secere,
136 1347 202 1395 alind
212 1346 268 1410 qnid
278 1347 398 1412 difficilius
408 1351 482 1397 molta
490 1347 657 1408 minusfaaere
667 1361 768 1411 porrum.
794 1346 846 1396 Gn.
865 1346 917 1395 Hic
924 1345 1040 1409 Antipho,
1051 1347 1146 1396 oPlroe·

37 1412 104 1471 dria,
110 1410 194 1474 pusilli
204 1417 240 1460 est
250 1413 336 1471 animi,
347 1414 412 1477 etad
422 1412 500 1461 omnia
509 1412 620 1463 inutilis:
636 1414 752 1474 extemplo
763 1410 923 1460 discedamus:
940 1411 998 1472 qnid
1008 1410 1047 1459 irie
1051 1409 1148 1470 frustra

38 1489 137 1538 mersen
158 1475 330 1525 eonsumimnrt
348 1490 394 1538 ego
414 1491 469 1526 nero
489 1478 589 1526 diseede.
623 1475 678 1525 Pu.
703 1477 738 1525 Et
758 1489 801 1536 ego
822 1488 919 1538 proprie.
961 1472 1015 1523 Au.
1040 1475 1147 1536 Manete,

35 1553 140 1588 sonoro.
172 1538 465 1600 Andeapterimnlome
478 1541 631 1604 confidentem
647 1545 714 1588 esset
747 1537 799 1588 Gr.
817 1538 937 1598 Nngaris.
969 1535 1021 1585 An.
1037 1536 1148 1601 Spectato

29 1601 127 1662 sermm
138 1617 221 1651 mmm.
254 1603 328 1663 Hem,
345 1603 435 1652 satisne
448 1603 484 1652 sie
498 1601 553 1653 est?
585 1603 638 1654 Gn·
656 1602 767 1652 Minime·
799 1601 853 1651 Art.
873 1599 969 1656 Quidni
979 1601 1148 1660 siemegerot

37 1666 92 1716 Gn.
110 1667 273 1728 Propereete.
298 1666 353 1718 An.
371 1666 533 1724 Qnidsisiei
561 1668 614 1718 Ge.
632 1667 699 1716 Satis
710 1671 827 1716 nument.
855 1663 1149 1729 Hunegertnmobsereo‚

401 1826 404 1834 ‚
503 1808 683 1830 neeuuun

36 1904 139 1968 Delph·
156 1904 254 1967 iegitur
267 1905 332 1961 Qrcid
341 1905 362 1954 si
371 1905 460 1969 aliquid
467 1907 566 1967 monins
579 1908 624 1956 tibi
635 1922 660 1958 n.
670 1906 695 1967 f.
706 1906 795 1967 f.-s1
816 1904 867 1957 Gn.
879 1906 935 1956 Hos
944 1906 1006 1956 nitu
1021 1910 1065 1967 est,
1076 1905 1148 1954 Pla·

35 1970 102 2018 dria.
136 1968 208 2032 Lego
220 1976 247 2017 et
258 1969 406 2032 distinguo:
434 1971 486 2020 Gn.
504 1972 559 2021 Hae
570 1972 633 2021 nibil
642 1978 688 2020 est.
722 1971 777 2021 Ρη.
797 1971 877 2021 Ilicet.
894 1971 950 2033 qnid
959 1972 999 2019 tie
1008 1971 1150 2019 conterimus

36 2046 137 2097 operam
148 2033 262 2091 frustrat
290 2033 494 2089 GnQninaieo.
522 2036 578 2084 ΡΗ.
590 2037 625 2083 Et
638 2035 731 2097 quiden
740 2048 794 2095 ego.
826 2034 1083 2096 Intelligiturautem
1094 2034 1148 2081 Hoc

38 2095 112 2159 opud
126 2109 153 2143 se
165 2109 240 2155 esse;
253 2110 304 2144 non
316 2096 434 2145 timidum
445 2111 512 2147 esse.
536 2100 630 2161 Neque
643 2098 710 2146 enim
722 2097 809 2159 placet
819 2098 996 2158 interpretum
1009 2102 1036 2145 et
1048 2096 1149 2145 Donati

38 2159 174 2223 expositio
186 2159 220 2208 de
231 2160 290 2222 ipso
300 2158 460 2223 Antiphone.
493 2162 563 2225 Guy.
578 2161 605 2209 in
617 2159 756 2216 ὰνεκδάνοις,
773 2160 817 2208 ubi
828 2174 930 2208 versum
947 2159 1016 2207 hune
1033 2158 1149 2219 spuriam

37 2229 172 2284 vocasset,
183 2222 248 2286 legit
258 2231 354 2279 temen,
367 2225 437 2274 Hoc?
453 2225 513 2272 nihil
524 2229 569 2273 est.
580 2239 605 2287 q.
619 2223 645 2275 d.
663 2225 722 2272 Hae
743 2236 793 2271 non
813 2229 900 2284 potes,
919 2222 987 2286 qood
1005 2221 1067 2269 nihil
1088 2223 1148 2270 ent?

38 2288 122 2337 Dixit
131 2293 218 2335 sutem
230 2289 238 2316 ‘
246 2286 324 2335 nihil’
337 2302 384 2350 pro
396 2289 446 2336 levi
458 2303 486 2337 re
498 2294 525 2336 et
536 2288 631 2336 nullius
644 2287 776 2336 momenti.
799 2285 843 2335 Sic
855 2286 924 2335 And.
935 2300 965 2334 rr.
977 2289 1001 2334 6.
1016 2289 1055 2335 18.
1071 2286 1148 2336 West.

39 2350 105 2400 lunc
125 2365 174 2412 pro
187 2351 249 2399 iilud
268 2350 345 2399 Both.
379 2350 484 2401 Abeunt
495 2352 611 2400 Piedria
621 2352 688 2400 ilicet
700 2366 715 2400 n
726 2348 812 2400 ouett.
824 2354 913 2400 s.-sn
930 2349 981 2398 ills.
992 2349 1063 2411 Lips.
1075 2355 1102 2398 et
1115 2349 1149 2400 G.

39 2430 102 2465 oum
115 2414 172 2463 ΕΡ.
183 2414 257 2464 Junt.
269 2414 330 2463 Ata.
338 2416 377 2464 St.
387 2417 451 2476 eliis,
464 2415 528 2472 Quid
538 2416 680 2465 conterimus
689 2410 905 2479 aperantfmstrai
916 2414 996 2462 West.
1014 2415 1065 2461 Ms.
1077 2413 1149 2476 Lips.

39 2479 78 2529 G.
88 2478 152 2527 wit.
163 2483 192 2526 et
203 2478 258 2527 ΕΡ.
271 2478 344 2528 Junt.
358 2479 417 2528 illd.
430 2480 469 2529 St.
482 2479 550 2538 uliae,
566 2482 623 2542 quin
640 2480 730 2529 abeam.
749 2479 833 2527 Idem.
868 2477 933 2534 Quid
943 2477 1085 2526 conterimus
1094 2491 1149 2539 ope·

37 2557 95 2595 m
101 2541 198 2604 frustra
205 2539 217 2589 !
227 2543 285 2602 enin
294 2541 394 2592 abeam?
412 2544 485 2591 Bem.
496 2555 524 2592 et
534 2544 577 2591 Vi.
591 2542 657 2597 Quid
666 2543 705 2590 lric
715 2543 858 2591 conterimus
867 2556 961 2603 operam
966 2538 1081 2599 frustra?
1092 2541 1150 2602 puin

38 2607 118 2656 abeat
132 2607 221 2669 placet
232 2613 318 2655 autern
330 2606 388 2669 quin
398 2607 463 2666 abeo,
475 2621 523 2668 pra
534 2621 581 2654 eur
592 2621 643 2654 non
657 2605 738 2665 obeo,
757 2606 874 2653 ite'enim
891 2603 989 2666 ‘quio’
1009 2606 1150 2666 exponitur

39 2685 57 2720 ι
69 2671 194 2719 Donato:
213 2683 275 2718 sane
296 2670 322 2716 in
342 2671 385 2718 Vi.
405 2677 432 2718 et
452 2670 578 2718 Bersabee
589 2669 615 2717 in
627 2668 707 2718 abeam
719 2674 844 2716 mutatum
856 2674 906 2715 est.
923 2668 971 2716 Fa.
1005 2667 1054 2715 Hie
1066 2667 1150 2714 nostri

38 2746 143 2794 omnes,
152 2732 209 2781 obeo
220 2735 373 2782 veterrimus
384 2734 462 2781 solus.
480 2734 554 2782 Bent.
589 2733 655 2786 Quin
665 2733 805 2780 conterimus
816 2765 854 2781 ...
867 2731 923 2792 quin
933 2729 1030 2779 abeam?
1045 2731 1091 2778 Br.
1118 2728 1151 2778 'td

37 2798 82 2847 trie
92 2796 169 2846 abest
176 2796 207 2845 Z.
232 2796 296 2845 GM.
308 2797 397 2845 abeam.
430 2796 515 2844 Abest
529 2797 630 2844 Obsecro
644 2809 659 2843 n
671 2794 759 2844 Guelf.
772 2800 797 2843 3.
815 2795 864 2843 ‘Iu
877 2792 965 2843 Guelf.
979 2799 1002 2843 1.
1013 2794 1054 2842 lrie
1066 2809 1104 2843 vs.
1117 2794 1150 2843 ab

38 2861 94 2911 slis
105 2874 182 2908 rnsnu
193 2860 322 2922 ascriptus
336 2859 418 2907 anteit
429 2860 561 2922 priorem!
577 2860 710 2907 Pero-so
728 2858 804 2908 Bodl.
816 2859 867 2906 Ms.
880 2857 951 2918 Lips.
965 2858 1002 2905 Μ.
1015 2858 1079 2907 wit.
1091 2872 1150 2906 cunr

39 2924 101 2973 ΕΡ.
113 2923 189 2974 Junt.
201 2923 260 2972 Ald.
271 2924 310 2971 St.
326 2923 382 2971 aliis
394 2923 547 2972 adsimulabo.
582 2922 645 2970 Hem
656 2922 755 2970 abesto
768 2923 801 2971 G.
824 2922 901 2970 West.
937 2921 1002 2975 Quid
1011 2922 1034 2969 si
1045 2921 1149 2978 adsuun-

39 2988 104 3037 lndo.
136 2988 292 3035 Troohnieus
304 2987 394 3049 exigit,
405 2987 540 3044 adsimulo,·
558 2985 625 3047 quod
637 2992 664 3035 et
676 2985 701 3032 in
715 2986 788 3034 Bern.
798 2991 847 3034 est.
864 2986 911 3033 Fa.
944 2985 1034 3033 Nostri
1054 2999 1150 3047 perpe·

39 3051 354 3102 rnmadsimnlabo.Bent.
386 3050 540 3099 Adsimulaba
551 3050 959 3113 Bnnqnoxhestquoquelrem.
992 3048 1150 3097 Bothinsle·

72 3122 94 3176 t,
107 3115 181 3176 Quid,
190 3115 213 3162 si
223 3115 258 3162 sio
267 3111 400 3163 mumulo?
414 3112 488 3163 satin'
499 3119 552 3163 estt
570 3114 667 3162 Garris.
700 3112 909 3175 Contemplamini,
918 3110 988 3161 hem!
1005 3111 1089 3161 Abest
1099 3113 1152 3160 trem

71 3177 134 3226 oeli.
146 3181 235 3227 1.-34
253 3178 324 3227 Ano.
344 3175 505 3233 Quidsisie?
537 3177 589 3227 Gn.
602 3176 647 3226 Sat
657 3180 701 3226 est.
734 3177 777 3225 Ita
791 3176 907 3240 plerique
922 3190 1011 3224 omnes
1027 3176 1087 3225 libri
1107 3190 1151 3225 ve-

39 3251 124 3294 teres·
156 3242 223 3290 Due.
235 3249 333 3303 tamen,
343 3241 542 3290 Schelbrnehins
554 3248 583 3290 et
596 3241 816 3304 Hoogstratnnns,
829 3241 895 3296 outa
905 3241 957 3288 siet
974 3240 1105 3303 studione,
1118 3255 1152 3290 nn

39 3305 268 3370 typographorum
281 3319 378 3367 errore,
398 3306 536 3355 incertum.
569 3304 629 3355 Nisi
648 3304 718 3354 forte
737 3305 858 3354 Bembiui
870 3305 973 3354 Codicis
984 3306 1153 3366 auctoritate,

39 3369 1152 3496 ttthttttitritta,hitlit‘ttt”triumuirititlt‘tt‘t}

40 3499 204 3548 dementes
220 3496 287 3545 libro
298 3495 433 3556 Bembina,
445 3502 472 3543 et
483 3496 641 3557 Basilienno,
660 3511 707 3558 pro
720 3496 802 3551 Satin,
813 3496 924 3545 Satisne:
941 3511 988 3558 pro
1000 3467 1053 3559 qno,
1060 3496 1150 3543 Victo-

40 3563 132 3612 risnut
143 3559 223 3609 habet
234 3560 337 3618 Satine5
353 3565 382 3608 et
392 3559 437 3607 nbi
448 3559 590 3621 posteriore
608 3559 666 3607 loca
678 3558 782 3620 dieitur,
795 3558 861 3613 Quid
870 3561 892 3606 si
903 3561 947 3617 ste,
960 3559 1018 3618 lege
1032 3558 1096 3613 Quid
1106 3558 1152 3614 oie,

41 3625 136 3675 deleto
145 3625 168 3672 ιι·
178 3638 211 3672 ex
221 3623 273 3673 tide
284 3624 343 3673 libri
355 3622 482 3672 Bembini.
493 3622 540 3671 Fa.
568 3622 660 3671 Nostri
671 3634 759 3670 omues
772 3621 916 3684 posteriore
928 3622 985 3669 loeo
998 3621 1062 3674 Quid
1074 3621 1096 3668 si
1107 3621 1152 3669 rte.

41 3689 162 3741 Omnino
174 3688 292 3737 decoret
303 3694 423 3736 venustas
437 3687 559 3747 postulet,
569 3692 599 3735 ut
609 3685 643 3734 sie
655 3685 750 3750 ubique
762 3689 879 3735 acuatur.
896 3686 965 3746 Lege
978 3685 1067 3746 igitur,
1078 3684 1151 3733 Satin

41 3753 145 3805 metet
161 3753 227 3801 Non.
245 3750 406 3806 Quidrisial
422 3751 606 3813 Propenwdnnr.
626 3748 724 3806 Quidni
735 3750 786 3799 rtet
803 3749 848 3798 Sat
859 3752 901 3797 ert.
912 3750 990 3797 Bent.
1023 3747 1106 3796 Satine
1116 3749 1152 3794 eie

41 3815 102 3869 esti
119 3818 165 3868 Br.
198 3816 308 3866 Bothius
315 3816 380 3878 legit
390 3815 519 3865 Satinesia
529 3810 582 3863 eati
599 3815 664 3865 Non.
683 3813 748 3870 Quid
758 3814 808 3864 siet
818 3818 870 3863 est?
886 3813 1066 3876 Propemodum.
1085 3811 1152 3866 Quid

543 3951 650 4002 NO'l'AE

46 4044 50 4051 '
77 4054 112 4103 33
131 4049 197 4107 Quid
214 4051 236 4098 et
254 4049 378 4112 assimulo]
396 4049 449 4100 Hie
461 4048 578 4113 Antipha
619 4047 748 4113 timidum,
757 4047 804 4099 sed
815 4044 941 4111 presenti
950 4045 1044 4101 auimo.

43 4126 152 4181 notione
163 4131 272 4176 conatur
282 4125 403 4175 simulare
415 4139 443 4176 se
455 4139 508 4176 aon
523 4138 580 4183 esse
