2678 4694
345 357 581 406 rrronorrnurs
605 361 687 409 acr.
712 362 736 406 1.
760 361 811 408 sc.
829 362 877 407 iv.
1093 347 1159 412 9:313

59 499 115 563 lta
128 515 217 562 nunc
232 497 434 581 imparatum
450 499 561 563 subito
576 507 670 564 touta
685 508 717 564 tc
733 501 925 583 impendent
940 503 1039 581 mala,

58 597 148 676 Quae
164 618 272 681 neque
288 600 336 663 uti
352 599 496 688 devitem
511 602 593 679 scio,
606 621 716 684 neque
732 604 914 687 quomodo
930 624 984 668 me
995 606 1075 670 inde
1093 627 1154 671 ex-

188 700 314 762 traham
328 720 336 763 :

58 798 151 863 Nam
161 819 228 862 uon
241 805 354 882 potest
368 800 469 864 celari
482 807 595 866 nostra
610 801 735 868 diutius
746 804 819 887 J'am
835 804 1001 886 audaciu3

19 922 33 937 ·
57 897 158 979 Quae,
174 901 204 967 si
219 921 285 965 non
299 907 378 969 astu
392 902 617 997 providentur,
638 924 693 968 me
719 912 780 970 aut
801 906 918 970 herum
940 927 1077 990 pessum
1098 910 1157 973 da-

190 1003 284 1066 bunt.
578 998 582 1005 ’
1137 1012 1160 1074 5

56 1064 134 1181 ἈΝ.
157 1100 328 1181 Quidnam
342 1103 401 1167 ille
415 1111 601 1169 commotus
616 1107 731 1172 ueniti

59 1201 137 1271 Gn,
153 1203 254 1292 Tum,
271 1206 430 1287 temporis
442 1205 525 1268 mihi
542 1211 701 1288 punctum
715 1208 758 1271 ad
771 1208 857 1273 hauc
878 1227 947 1273 rem
969 1213 1037 1284 θεὶς
1059 1210 1159 1275 herus

191 1305 299 1369 adest.
343 1304 414 1368 ΛΝ.
439 1305 532 1384 Quid
548 1309 638 1372 istuc
658 1311 737 1372 mali
752 1310 817 1374 'sti

58 1405 129 1470 Gn.
154 1404 259 1485 Quod
283 1418 359 1470 cum
385 1409 540 1488 audierit,
567 1411 658 1493 quod
685 1412 759 1496 ejus
785 1411 970 1476 remedium
992 1412 1159 1483 inveniam

191 1508 373 1573 iracundiae
387 1511 401 1572 i

53 1725 202 1790 providenti,
211 1744 254 1780 nec
263 1732 405 1809 eorpoctonti,
416 1739 485 1809 tuoto
499 1733 589 1785 instant
597 1737 712 1800 periculo,
722 1751 773 1799 quoe
789 1752 833 1799 quo
843 1737 935 1786 ratione
945 1735 1056 1785 declinem
1066 1734 1161 1796 ignoro,

55 1798 614 1911 'witelai:lltltottltttt‘w
628 1802 689 1914 ‘'“i
699 1802 791 1914 till
800 1807 880 1877 ’'ms“
891 1803 1013 1913 “im''i‘i
1021 1801 1074 1918 ''i''
1083 1803 1162 1910 'imi

54 1869 94 1967 doct
105 1922 168 1981 quod
179 1875 228 1971 εαξη
238 1925 389 1985 perturbatos
397 1927 489 1975 currit?
517 1880 576 1977 Gn?
587 1880 737 1978 rndnoadorum
748 1879 957 1977 odlipdroidngddm
967 1877 1163 1990 teopordiddat

56 1983 92 2030 od
102 1984 277 2035 deliberandum
292 1991 320 2037 de
336 1991 379 2037 lsoo
396 2005 431 2037 re.
465 1991 527 2038 Ecce
543 1993 634 2041 ioum.
647 1966 654 1992 ²
668 1992 721 2042 Au.
740 1994 864 2047 Quodnam
874 1993 917 2040 looc
925 1994 1011 2040 molum
1022 1996 1075 2040 est?
1108 1990 1161 2039 Ga.

59 2046 142 2102 Quum
157 2064 208 2100 rem
222 2066 274 2101 cum
284 2053 415 2117 resciverit,
418 2054 500 2118 filium
511 2055 670 2119 Antiphonem
680 2057 892 2118 duodecumam,
909 2057 1022 2118 quodnam
1036 2054 1164 2102 reooedium

534 2229 714 2251 ONOWOO

64 2327 74 2360 ᾗ]
209 2338 213 2342 a

59 2361 190 2424 Repereris
200 2361 246 2410 Br.
280 2359 389 2410 Bothius
400 2360 463 2424 legit
479 2362 576 2424 Nullos,
590 2363 662 2424 Geta,
672 2361 721 2411 nisi
731 2361 825 2424 aliquod
835 2361 890 2422 jam
905 2358 950 2408 tibi
964 2359 1037 2407 coloro
1050 2357 1164 2420 repereris

57 2426 193 2475 consilium.
228 2425 369 2486 Reppereris
380 2426 409 2474 Z.
443 2425 474 2474 In
485 2434 537 2474 vet.
549 2425 607 2475 eod.
620 2442 663 2489 ap.
676 2427 749 2474 Lind.
762 2426 806 2474 tilii
819 2426 900 2473 deest.
935 2422 993 2471 Nisi
1003 2423 1096 2485 aliquod
1109 2420 1164 2481 jam

56 2489 381 2551 comiliomoolererepperis
394 2489 463 2537 Pori.
497 2491 556 2539 Nisi
569 2491 623 2550 jum
641 2491 744 2552 aliquod,
758 2491 797 2550 lfc.
823 2489 866 2538 Sic
879 2491 924 2537 Fa.
937 2502 969 2535 ex
986 2487 1061 2534 codd.
1072 2485 1124 2533 suis
1137 2489 1164 2534 et

59 2555 117 2603 Do.
130 2553 253 2612 correxit,
264 2553 400 2602 ordinavit.
432 2552 542 2602 vortant
554 2553 630 2603 codd.
643 2560 671 2601 et
683 2553 741 2601 edd.
752 2551 797 2601 sed
812 2561 888 2600 tremo
900 2559 998 2614 preter
1009 2552 1086 2598 Bent.
1100 2549 1164 2597 omi-

59 2616 162 2668 sitrici.
195 2617 282 2664 Multa
293 2617 313 2664 is
326 2615 438 2676 refingit,
452 2631 509 2679 qnae
522 2617 626 2665 mittere
636 2618 769 2664 malumus.
786 2616 896 2678 Rip-2
914 2617 992 2662 Tanto
1003 2618 1026 2661 te
1038 2613 1165 2674 inpendent

57 2681 136 2741 mola]
154 2680 291 2728 Donatus:
316 2684 323 2707 ‘
344 2680 419 2728 inula
434 2685 457 2726 te
472 2680 600 2741 inpendent
618 2679 691 2741 molo]
715 2679 872 2728 Accusativo
888 2691 949 2726 casn
969 2673 1163 2738 ‘impendeut:’

57 2753 108 2794 aut
118 2742 264 2806 ἀναστροφῇ,
281 2742 326 2790 ‘iu
338 2749 364 2791 te
376 2742 510 2804 pandent?
543 2745 608 2792 Cum
619 2745 725 2805 supro,‘
740 2742 833 2790 Nullus
846 2756 876 2789 es
885 2739 974 2799 Getas
991 2740 1102 2788 dixerit:
1122 2738 1165 2786 iric

58 2808 202 2858 transitum
212 2805 276 2854 fecit
293 2806 325 2854 ad
339 2808 448 2868 primam
467 2807 620 2867 personam!
652 2807 722 2854 Satis
732 2806 792 2853 hinc
804 2809 917 2864 constat,
930 2804 1063 2853 Donatum
1076 2816 1112 2850 me
1123 2802 1165 2851 hic

58 2872 168 2934 legisse,
179 2884 230 2919 non
242 2875 265 2918 tc
272 2885 282 2926 ‚·
308 2871 382 2918 etsie
394 2870 478 2918 codex
490 2869 661 2926 Academicus
672 2886 708 2918 one
727 2870 752 2918 in
771 2874 857 2929 textu,
869 2874 891 2916 te
910 2883 957 2930 pro
968 2868 1040 2915 varia
1051 2867 1165 2915 lectione
1178 2905 1183 2912 r

58 2936 236 2986 interlineas.
269 2934 387 2996 Ropone,
403 2934 443 2982 lto
459 2948 521 2981 otono
539 2933 673 2997 inparatum
683 2933 759 2982 orbito
771 2937 838 2981 tanta
856 2932 881 2979 ia
899 2947 936 2980 me
953 2927 1077 2994 inpendeiot
1094 2929 1165 2978 molo.

58 3001 133 3050 Sane
144 2996 300 3047 commodius
312 3004 352 3046 est
360 3013 396 3045 mo
403 3014 413 3055 ‚·
431 3012 489 3045 cnm
500 3012 559 3044 mox
576 3003 702 3059 sequatur
711 2997 821 3056 devitem,
833 3009 883 3044 non
895 2995 993 3044 devites.
1027 2995 1058 3041 In
1068 3007 1104 3040 me
1114 2993 1165 3040 hnc

60 3062 198 3122 adscisc03
215 3075 272 3110 curn
285 3075 408 3123 nusquam
425 3060 487 3109 alibi
505 3060 689 3123 ‘impendere’
708 3061 840 3122 reperias;
856 3060 905 3107 nisi
918 3065 963 3107 aut
978 3057 1076 3106 Dativo
1090 3056 1166 3119 junc-

60 3136 131 3188 tum,
144 3133 188 3174 aut
200 3140 256 3172 cum
271 3126 454 3186 praepositione
465 3123 634 3174 Accusativo.
667 3122 777 3173 Plautus
793 3123 904 3184 Epidico
923 3136 943 3171 1.
958 3126 982 3171 1.
994 3125 1035 3170 ll.
1051 3121 1165 3168 ‘Tanta

59 3193 90 3241 iu
102 3197 130 3239 te
140 3189 281 3251 inpendent
293 3187 391 3237 ruinael
409 3189 483 3237 Boot.
516 3189 556 3236 Ilo
567 3188 643 3238 orbito
653 3204 715 3237 onoc
725 3188 758 3235 Bi
779 3219 785 3233 .
810 3188 853 3236 Me
864 3187 996 3249 impendent
1007 3183 1110 3234 Ruhnk.
1133 3183 1166 3232 Te

61 3254 183 3305 defendit
194 3254 253 3314 Bip.
287 3253 318 3300 Iu
335 3268 372 3300 me
391 3252 463 3303 Peri.
496 3252 529 3301 Te
539 3253 670 3315 impediunt
682 3203 777 3301 Gueld.)
784 3254 806 3300 1.
840 3252 1065 3314 Impendent2.—3
1083 3249 1116 3296 G.
1128 3248 1168 3295 ab·

59 3319 179 3368 stroloom.
197 3318 243 3364 Br.
254 3330 296 3364 nec
307 3318 418 3380 quomodo
428 3332 459 3364 m.
470 3317 487 3363 i.
498 3316 690 3366 abstentum-t
707 3317 784 3378 Vulg.
795 3319 882 3378 polest,
893 3321 922 3363 nt
933 3314 974 3363 iric
987 3314 1022 3362 sit
1033 3313 1168 3371 iambicus,

24 3383 144 3432 *maie
162 3380 236 3428 Bollo.
253 3380 296 3442 qui
308 3383 364 3442 ipse
376 3379 421 3427 dat
430 3385 493 3441 pote.
528 3380 615 3429 Guelf.
626 3385 649 3430 3.
662 3382 783 3443 collocat,
795 3380 886 3428 diutior
899 3379 951 3439 jum
968 3383 1050 3428 nostro
1068 3374 1167 3425 eudocia

58 3445 195 3497 celari—5
214 3443 287 3491 ldem
300 3459 338 3491 vs.
350 3443 463 3491 occurrit
478 3442 548 3492 And.
559 3457 578 3493 ι.
591 3449 614 3492 3.
626 3446 650 3491 3.
685 3444 779 3492 Parum
802 3451 888 3492 autem
905 3441 997 3501 refert,
1009 3438 1167 3502 conjunctim

59 3513 177 3572 legatur,
193 3508 428 3569 persimillimum
445 3520 536 3567 pessum
551 3507 648 3566 dubunt,
659 3507 708 3554 nisi
727 3505 795 3568 quod
809 3506 939 3567 posterius
949 3504 1029 3565 magis
1042 3501 1167 3549 comicum

59 3573 179 3624 videtur.
202 3571 278 3620 West.
313 3571 410 3618 Versus
421 3569 462 3616 iric
473 3569 597 3617 insititirrs
610 3577 661 3630 est,
681 3583 713 3616 ex
732 3569 815 3616 Andr·
832 3583 851 3616 1.
863 3572 887 3618 8.
899 3572 922 3620 3,
940 3568 1042 3626 integer
1053 3565 1102 3611 hoc
1114 3571 1167 3612 tra·

60 3638 170 3688 ductus.
203 3633 285 3699 Atqui
296 3634 332 3682 ibi
344 3633 473 3697 aptissime
484 3631 573 3692 venit;
590 3633 598 3658 ‘
610 3632 675 3683 Quae
691 3632 788 3694 nuptiae
803 3631 885 3679 sinon
897 3637 959 3679 astu
975 3626 1142 3690 providentur
1152 3625 1168 3687 ;’

61 3706 203 3760 caventur,
221 3699 352 3757 vitantnr;
377 3694 651 3760 lricveroquidfaciti
676 3696 748 3745 Nihil
768 3701 817 3755 est,
833 3709 883 3759 quo
900 3693 1046 3750 referatur3
1063 3696 1168 3739 senten·
1196 3747 1200 3751 .

60 3766 130 3816 tiam
142 3769 215 3814 certe
227 3761 383 3826 pessumdat.
421 3759 505 3810 Abest
515 3759 547 3808 ab
559 3774 609 3808 uno
621 3761 760 3809 veterrimo
771 3764 875 3808 nostro:
893 3758 920 3805 in
933 3771 983 3805 uno
997 3754 1076 3816 Regio
1088 3755 1167 3802 larem

61 3835 163 3884 mutat,
173 3833 201 3875 et
212 3833 273 3875 aute
291 3841 329 3874 vs.
341 3830 462 3888 quartum
474 3825 553 3873 veuit.
571 3824 644 3872 Boot.
676 3823 863 3876 Pessumdoloot
876 3822 927 3871 Bu
954 3821 1001 3869 Vs.
1012 3817 1114 3883 omniuo
1125 3818 1170 3866 ab·

61 3901 108 3944 est
121 3891 200 3940 Both.
211 3897 238 3938 et
250 3890 309 3951 Bip.
344 3889 497 3937 Pareotlresi
508 3886 614 3937 inclusit
625 3882 656 3936 Ζ.
689 3888 749 3951 Bip.
762 3887 795 3936 ad
814 3902 850 3938 vs.
864 3884 969 3934 tertium
985 3889 1069 3938 notat,
1085 3882 1169 3930 ‘Ver-

63 3959 107 4009 ani
126 3955 187 4004 huic
207 3955 283 4014 vulgo
296 3952 434 4015 subjicitur
451 3953 524 4015 alius,
536 3964 611 4016 quem
623 3965 681 3999 cum
693 3966 728 4001 ex
737 3949 821 4002 Andr.
833 3963 852 4000 1.
863 3954 887 4000 d.
898 3952 922 3997 8.
938 3947 1049 4011 primum
1060 3946 1168 4058 margini

61 4020 220 4081 ascriptum,
238 4017 298 4065 dein
317 4016 403 4064 textui
421 4017 487 4063 male
506 4017 634 4078 ingestum
655 4013 751 4062 viderit
770 4015 877 4079 quisque
895 4010 1047 4074 sapientior,
1065 4021 1108 4059 tan
1129 4022 1169 4059 em

10 4117 14 4127 .
62 4084 226 4137 omittimus:
247 4082 307 4136 Quae
315 4080 337 4127 si
347 4094 403 4139 ooo,
413 4078 511 4139 ἅμ’-7
530 4079 596 4135 Quid
607 4078 667 4127 illud
678 4078 722 4127 Br.
740 4077 861 4126 Punctum
870 4076 904 4125 mi
915 4075 993 4125 Both.
1016 4075 1101 4123 Abest
1111 4074 1169 4122 ortuli

64 4145 193 4211 euellit·
227 4145 292 4202 Quid
300 4144 356 4195 illoc
366 4146 441 4194 2.·-8
458 4143 618 4199 M0Quicom
627 4142 729 4192 audierit
739 4158 751 4196 .·,
763 4144 831 4215 quod.
847 4141 929 4190 West.
961 4137 988 4191 J.
1001 4134 1168 4201 emittitquod
1262 4162 1265 4167 ·
