2678 4694
337 293 653 344 nsnurourruon.
677 293 759 342 nor.
776 296 802 343 ι.
824 295 877 344 so.
900 298 926 344 1.
1109 285 1175 351 547

73 439 167 503 Nam
180 457 266 505 nune
281 457 387 503 novas
402 438 461 522 qui
477 437 639 514 scribunt,
653 437 735 502 nihil
750 445 894 521 parcunt
908 439 996 504 seni:

72 541 112 604 Si
128 560 198 624 qua
212 540 387 605 laboriosa
401 538 454 616 'st
467 541 511 605 ad
526 561 578 605 me
593 541 752 619 curritur;

73 643 134 706 Sin
147 642 233 706 lenis
249 648 312 719 est,
325 641 368 706 ad
384 641 483 707 alium
496 641 640 707 defertur
653 662 797 724 gregem.

71 743 113 807 In
128 743 193 808 hae
210 753 264 808 est
277 763 363 827 pura
376 745 496 808 oratio.
540 743 763 829 Experimini,

70 844 112 908 In
127 851 303 928 utramque
320 852 452 928 partem
466 844 631 928 ingenium
645 845 725 929 quid
739 845 852 930 possit
866 863 986 910 meum.

69 946 108 1010 Si
123 965 297 1029 nunquam
313 965 412 1011 avare
426 947 567 1030 pretium
581 949 689 1013 statui
703 949 766 1013 arti
782 967 876 1025 meae,
1080 1019 1088 1031 ,

68 1047 114 1111 Et
128 1068 205 1110 eum
217 1068 292 1111 esse
307 1056 475 1131 quaestum
489 1049 524 1115 in
539 1050 686 1115 animum
701 1051 819 1115 induxi
835 1067 1039 1128 maxumum,

68 1148 183 1227 Quam
198 1169 354 1216 maxume
369 1150 494 1214 servire
508 1151 629 1215 vestris
644 1149 850 1229 commodis3
1023 1189 1026 1192 ·
1123 1153 1167 1217 dd

67 1248 272 1333 Exemplum
289 1251 424 1313 statuite
435 1250 469 1313 ia
482 1270 545 1328 me,
560 1256 597 1315 nt
611 1251 851 1316 adolescentuli

67 1349 181 1415 Vobis
195 1349 331 1434 plaeere
342 1350 502 1415 studeant
516 1352 644 1434 potius,
660 1372 763 1434 quam
772 1352 858 1418 sibi.

65 1534 199 1594 impudens,
210 1532 247 1580 vel
262 1533 414 1582 kmeuurue.
449 1533 514 1582 Num
527 1532 618 1594 Poura,
634 1532 675 1596 uui
690 1548 761 1582 norae
780 1532 910 1581 eomoediu
927 1547 988 1582 neue
1000 1532 1105 1594 fuciunt,
1116 1535 1170 1582 uui·

65 1598 113 1645 leur
123 1597 171 1644 mei
182 1596 255 1657 serui,
263 1597 350 1646 veteris
358 1596 454 1646 Actoris
469 1598 586 1646 rationem
604 1597 697 1656 tabent,
713 1602 739 1645 et
754 1597 897 1662 difficiliores
913 1601 941 1644 ret
954 1611 1024 1658 egam
1037 1596 1169 1646 Coruoedier

65 1661 125 1710 »nur
135 1661 259 1710 mundent.
291 1659 320 1709 δι’
330 1676 377 1737 pua
387 1662 506 1711 Comoedia
516 1661 647 1722 wuemodi
657 1666 702 1718 ur,
711 1667 739 1710 ut
749 1661 776 1710 ier
786 1676 814 1711 eu
827 1661 950 1711 recitando
966 1662 1068 1710 „urm
1083 1660 1169 1711 luder&

63 1725 188 1786 erigam
200 1726 231 1772 ud
239 1739 276 1777 me
286 1730 389 1787 venetur,
399 1729 426 1773 ut
437 1741 489 1774 eum
499 1740 586 1787 egum:
601 1725 728 1784 riuseeiiu
744 1731 781 1774 est
796 1730 859 1786 ectu,
869 1725 891 1773 η’
902 1740 947 1774 rum
958 1726 1059 1775 motoria
1070 1731 1115 1786 est,
1127 1726 1168 1777 red

64 1787 243 1848 detumumir'ir
254 1788 381 1838 eumue
398 1791 524 1839 mordetur
541 1792 642 1851 egendo.
676 1789 707 1838 Iu
725 1790 770 1838 lure
784 1789 886 1838 staterio
905 1790 1023 1838 emet«
1039 1803 1115 1838 serrae
1133 1793 1169 1838 est

64 1853 157 1902 nitidus
167 1857 191 1900 et
201 1866 282 1915 purus.
316 1853 453 1902 Periculum
465 1853 553 1915 serite,
570 1856 663 1904 tamin
680 1854 806 1903 Comedus
822 1854 922 1916 leuium,
938 1868 1009 1916 quem
1028 1854 1168 1912 &dodorus

63 1923 113 1966 turn
129 1917 157 1964 irs
174 1917 293 1979 stuturiie,
304 1931 374 1979 qurum
383 1918 508 1975 motorum
524 1933 576 1980 prus
586 1919 634 1966 siut
644 1919 737 1978 iugeuii
747 1918 792 1967 mei
802 1918 865 1966 uires
874 1918 900 1966 r'u
911 1918 1018 1980 utrisque
1028 1918 1168 1969 recitandis.

64 1979 92 2030 Si
107 1980 204 2044 peridem
217 1994 336 2044 uunquam
350 1996 404 2030 cero
419 1983 495 2042 pretio
511 1987 588 2030 artem
597 1996 672 2031 ereum
686 1981 812 2043 adiuuet,
823 1986 847 2030 et
857 1982 916 2030 mur·
925 1983 1010 2044 putaui
1024 1982 1067 2031 hoe
1076 1984 1168 2031 hum

63 2045 206 2106 iugeueesse
216 2045 301 2092 uestris
310 2045 433 2093 comumdis
448 2044 561 2094 inseruire
569 2051 592 2094 et
601 2046 747 2108 prospicere3
765 2046 894 2109 exemplum
910 2046 936 2095 iu
947 2060 983 2093 rue
1000 2046 1131 2107 proponite,
1142 2051 1166 2094 et

63 2109 98 2156 ite
108 2109 171 2158 milri
177 2106 268 2169 fauete,
279 2113 306 2157 ut
310 2109 409 2170 juvenes
419 2108 518 2158 Actorer
533 2111 653 2172 prodituri
669 2109 734 2158 vodis
747 2110 835 2172 potius,
850 2124 919 2171 quarn
934 2110 982 2158 sibi
992 2109 1167 2159 oblectationem

63 2172 153 2236 offerre
162 2176 285 2234 conentur,
296 2177 319 2220 et
328 2173 406 2235 potius
413 2172 502 2236 gretie
512 2179 597 2223 oestroe
606 2174 759 2233 deruereudoe,
769 2189 840 2236 quum
850 2177 954 2236 questus
963 2173 1001 2237 sui
1011 2186 1081 2221 reuse
1091 2181 1166 2222 ortem

63 2237 177 2287 courieem
192 2241 326 2286 exerceant.

528 2345 711 2367 ΟΜΝ

64 2444 136 2498 Libri
148 2445 255 2511 quidam
274 2445 366 2509 scripti
381 2453 410 2496 et
430 2438 558 2510 impressi,
574 2447 709 2498 mida-«tt
729 2447 804 2497 Bem.
823 2444 854 2495 ua·
865 2461 931 2510 que:
948 2445 1014 2508 quod
1028 2444 1166 2509 legendum

66 2511 489 2574 censetMalaspina,auctoritate
501 2521 566 2560 vett.
584 2513 725 2576 exemplar.
745 2518 773 2560 et
792 2511 894 2560 ratione
915 2511 1045 2560 carminis.
1068 2509 1173 2561 Mureti

65 2574 216 2636 lectionem,
233 2574 364 2624 Laterum
379 2576 457 2637 rique
468 2580 513 2636 est,
522 2575 613 2624 laudat
624 2577 655 2625 F.
668 2577 697 2625 F.
731 2575 883 2624 ‘Bentleius
897 2575 974 2623 matri
983 2589 1061 2623 eausa
1071 2574 1166 2635 edidit⁴

65 2641 93 2690 si
103 2656 165 2704 pue.
199 2637 353 2689 Promiscue
362 2638 458 2687 dicitur
478 2641 485 2667 ‘
498 2639 519 2687 si
532 2639 591 2701 qui’
609 2647 638 2688 et
656 2640 664 2667 ‘
677 2640 698 2688 si
708 2639 782 2702 quis‚’
801 2639 842 2686 ‘si
854 2637 929 2702 qoae'
945 2643 973 2686 et
988 2638 1029 2686 ‘si
1040 2636 1109 2701 qua!
1130 2639 1165 2690 V.

64 2705 205 2767 interpret.
215 2702 249 2752 ad
261 2703 317 2752 Cic.
330 2702 362 2752 ad
374 2700 458 2752 Attia.
470 2717 510 2752 nv.
519 2707 545 2755 ἢ.
560 2703 600 2752 ‘si
612 2718 670 2767 quoe
684 2703 722 2751 vis
734 2707 805 2751 esset
817 2700 912 2751 facta!
923 2710 951 2750 et
963 2702 1042 2751 Beut.
1054 2701 1087 2750 ad
1099 2701 1165 2755 Hor.

65 2769 112 2832 Ep.
123 2782 157 2818 11.
169 2766 203 2817 63
222 2767 254 2816 R.
266 2767 301 2816 D.
334 2766 363 2816 δι’
373 2782 425 2830 quoe
438 2767 516 2816 Both.
532 2767 564 2817 Z.
581 2768 646 2815 Mss.
659 2765 762 2830 quidam
774 2771 801 2814 et
813 2765 930 2828 impressi
942 2766 1073 2814 vetustiss.
1083 2767 1164 2813 derue.

65 2834 203 2882 rusa-4⁵
224 2831 256 2880 In
268 2830 419 2895 quibusdam
431 2830 507 2880 codd.
527 2831 640 2880 Siuieoir
650 2835 696 2880 est.
715 2830 790 2878 Bam.
809 2837 836 2877 et
857 2828 974 2890 plerique
993 2829 1038 2875 alii
1052 2829 1115 2876 libb.
1135 2829 1166 2878 Si

63 2897 197 2945 terrm—49
216 2895 274 2944 ET.
286 2900 314 2944 et
323 2895 384 2944 EM.
397 2895 428 2943 Iu
439 2895 542 2944 orimum
555 2894 641 2944 induxi
652 2898 800 2944 meum-51
820 2892 876 2942 Hos
894 2891 968 2940 binos
987 2906 1074 2940 versus
1094 2891 1164 2960 Guy.

66 2960 194 3012 immerito
208 2959 348 3010 addititios
360 2965 446 3009 vocat.
467 2961 541 3009 West.

386 3349 542 3416 AGTUS
566 3350 594 3413 I.
640 3347 797 3413 SCENA
820 3349 850 3412 Ι.

283 3550 288 3558 ·
370 3548 560 3599 cunnuns.
605 3549 854 3597 ununonuus.

67 3650 129 3719 Cu.
151 3653 380 3732 Qunuounu
394 3653 468 3718 haee
483 3653 567 3717 inter
580 3671 643 3716 nos
655 3671 762 3736 nuper
776 3651 897 3717 notitia
912 3647 1091 3716 admodum
1107 3646 1163 3721 ’su

94 3835 146 3891 011·
165 3836 308 3901 Quaem
317 3835 367 3886 iuer
376 3837 463 3888 notitia
475 3837 599 3886 admodum
614 3850 674 3888 noua
689 3836 807 3885 internos
818 3837 871 3892 θείς
882 3832 1014 3891 indenata,
1030 3828 1091 3893 quod
1098 3841 1162 3892 praeq

521 3959 701 3982 nanneno

94 4064 108 4108 1
124 4060 240 4110 Videtur
249 4060 307 4108 haee
316 4073 380 4108 vera
389 4058 478 4120 lectio,
488 4059 548 4123 quia
559 4057 641 4107 miuus
652 4056 724 4119 tritu,
739 4071 815 4121 quem
827 4069 885 4120 que
897 4055 930 4104 ab
942 4055 998 4104 aliis
1009 4055 1082 4105 libris
1094 4070 1161 4118 pree.

65 4121 153 4187 fertur,
167 4124 365 4189 supercuretur.
398 4124 433 4174 Et
443 4124 481 4173 ita
491 4125 555 4174 citat
567 4123 621 4173 Cic.
633 4121 689 4173 Fin.
699 4133 730 4173 ιι.
743 4125 768 4172 4.
797 4122 952 4186 Quanquam
964 4136 1049 4172 versus
1062 4127 1161 4174 utrum.

1286 4156 1292 4209 i

1288 4212 1292 4271 ¹.
