2678 4694
313 516 544 607 AEnuu
620 514 1027 647 nonnul,

399 717 432 767 u.
448 715 479 769 c
497 714 678 766 ousuours
696 684 804 766 uenus
819 676 966 783 noun,
1056 772 1062 803 ἱ
1089 796 1092 803 Ι

228 860 488 929 PRAEFATIO
511 860 568 928 ΙΝ
589 858 846 928 ADEIuPHOS
866 846 1121 928 TEREMII.

167 1054 243 1114 an
258 1051 371 1113 Fabula
385 1051 516 1131 palliata,
541 1059 574 1110 ut
589 1052 685 1131 ipsum
695 1048 810 1112 indicet
824 1066 943 1122 noussen,
959 1055 1018 1110 cxl
1033 1051 1146 1130 plurali
1163 1073 1207 1110 uu·

125 1170 215 1224 mero,
235 1169 302 1211 eum
327 1150 366 1208 sit
379 1168 456 1208 uua:
479 1157 508 1209 et
521 1148 686 1208 masculino
700 1166 817 1227 genere.
829 1164 899 1208 curn
910 1148 950 1207 sit
963 1147 1143 1209 Cornoediu:
1163 1152 1208 1209 er‘

113 1248 234 1308 ,Graeca
248 1247 373 1326 lingue,
395 1262 463 1305 curn
478 1245 516 1304 sit
538 1245 653 1317 Latina,
674 1252 823 1305 censetm.
863 1240 966 1303 Poena
978 1260 1046 1304 mm
1062 1240 1208 1306 Tarentus

125 1344 279 1405 Ferreus
301 1342 417 1401 dicere:
441 1340 547 1400 sedet
571 1340 669 1400 Graeci
695 1340 823 1400 norninis
846 1342 988 1420 «loedere
1008 1340 1171 1420 perderet:
1188 1351 1210 1400 et

123 1453 268 1523 preterea
281 1447 384 1519 togate
395 1436 560 1505 uidereturr
582 1436 621 1498 ad
643 1454 798 1510 summam,
817 1452 878 1496 non
893 1436 995 1496 stetim
1008 1434 1210 1516 intelligeretur

123 1535 280 1597 Menandri
295 1554 381 1594 esse:
401 1532 485 1612 qnod
508 1534 662 1593 Terentius
683 1534 713 1593 in
735 1534 838 1614 primis
854 1533 997 1594 lectorem
1018 1535 1099 1594 seire
1123 1535 1209 1614 cupiti

123 1635 219 1692 minus
243 1632 425 1690 existumans
445 1628 553 1699 landis,
575 1629 708 1708 proprias
728 1629 866 1703 scribere,
878 1646 972 1709 quarn
984 1627 1113 1691 &raeces
1127 1642 1209 1692 traus-

125 1731 209 1789 serre.
245 1727 301 1785 Est
325 1726 414 1803 igitur
434 1724 611 1784 Menandri:
632 1735 664 1784 et
686 1743 707 1784 a
729 1727 864 1786 Fratrum
885 1727 978 1800 laeto,
996 1727 1108 1806 quibus
1135 1747 1208 1806 argu·

123 1833 254 1884 mentum
279 1822 391 1892 nititur,
413 1839 520 1878 nornen
543 1819 659 1899 accipit.
703 1820 1053 1900 Hujustotaactiocnm
1071 1821 1113 1882 sit
1131 1825 1209 1882 mixta

124 1939 161 1980 ex
181 1929 307 1996 utroque
321 1935 437 1994 genere,
450 1925 484 1973 ut
496 1915 556 1974 iere
571 1913 758 1975 Terentianae
780 1934 894 1990 omnes,
907 1926 1016 1996 prester
1038 1919 1208 1980 Hnnurou·

124 2032 389 2084 urruonunnuon,
403 2021 503 2070 tamen
525 2009 629 2089 majori
644 2029 680 2068 ex
703 2021 787 2090 parte
810 2013 939 2072 Motoris
960 2023 1028 2072 est:
1058 2033 1130 2097 narn
1154 2016 1208 2074 Sta·

123 2112 214 2173 tarios
237 2109 319 2171 locos
340 2112 506 2189 perpaucos
522 2106 623 2168 habet.
665 2105 793 2169 Prodest
806 2104 1099 2172 autemetdelectat
1110 2121 1209 2173 aetuet

124 2209 212 2287 stylo.
256 2206 290 2263 ln
301 2204 369 2276 luae,
381 2204 483 2283 primae
498 2212 597 2281 partes
612 2213 692 2275 sunt,
704 2213 740 2262 ut
752 2203 873 2282 quidam
887 2214 1004 2285 pntsnt,
1020 2207 1163 2268 Demeae:
1182 2215 1209 2264 nt

123 2302 258 2382 quidam,
282 2292 358 2379 Syri.
401 2299 487 2369 Quod
513 2299 538 2357 si
559 2309 616 2372 est,
637 2308 671 2359 ut
694 2302 803 2380 primas
818 2301 911 2380 Syrus
925 2300 1058 2373 habeam
1081 2302 1209 2367 secante

124 2399 248 2457 Demeae
261 2403 357 2468 eruut,
371 2395 466 2454 tertie
481 2395 629 2467 Minionis,
639 2404 670 2456 et
680 2397 723 2456 sie
737 2397 895 2485 deinceps,
931 2399 1116 2479 Quanquam
1133 2402 1208 2461 etiam

125 2504 196 2555 sunt
208 2488 401 2574 qni'putarut,³
421 2492 530 2572 primas
550 2493 672 2553 Micioni
696 2492 823 2567 dandas,
844 2495 992 2557 secundas
1016 2496 1106 2576 Syro,
1120 2494 1208 2561 tertiat¹

125 2591 255 2651 Demeoe.
298 2590 386 2660 Nam,
400 2588 480 2667 quod
496 2589 538 2647 ait
560 2589 725 2662 Terentius,
752 2591 866 2650 ‘Senes
890 2592 941 2670 qni
961 2591 1049 2673 primi
1069 2592 1209 2655 uenient-i

124 2703 185 2747 non
209 2687 248 2745 ad
271 2695 370 2765 partes
396 2705 470 2764 quas
485 2685 620 2758 dicimus,
636 2687 689 2747 sed
708 2685 748 2747 ad
763 2686 896 2749 ordinem
909 2689 1036 2771 pertinet
1049 2691 1208 2753 exeuntium

78 2845 81 2850 ,
123 2802 325 2862 personarum.
367 2783 442 2843 Haec
457 2783 555 2855 etiam,
570 2796 604 2842 ut
617 2794 715 2843 cetera
728 2783 935 2861 hujuscemodi
957 2785 1114 2862 Poenam,
1136 2788 1208 2867 quin·

123 2901 182 2959 que
207 2882 302 2940 Actus
317 2880 426 2938 habeat
440 2898 563 2938 necesse
578 2890 633 2951 est,
659 2880 757 2940 choris
780 2881 892 2941 divisos
914 2901 933 2940 a
957 2882 1074 2942 Graecis
1101 2885 1207 2944 Poetis:
1253 2910 1255 2987 p

114 2988 199 3056 'quos
214 2976 270 3036 etsi
284 2972 430 3035 retinendi
442 2993 535 3034 causa
545 2969 607 3054 jam
617 2977 785 3037 inconditos
794 2987 975 3057 spectatores
984 2979 1107 3052 minime
1116 2980 1208 3041 distin·

36 3086 41 3097 ¹
123 3080 221 3151 guunt
241 3069 338 3131 Latini
359 3068 484 3143 Comici,
497 3081 662 3132 metuentes
677 3073 801 3146 scilicet,
814 3094 852 3135 ne
867 3073 934 3152 queis
948 3058 1126 3137 faoidioaus
1135 3077 1208 3136 finito

123 3168 213 3238 Actu,
232 3163 314 3225 velut
337 3163 504 3224 admonitus
519 3167 658 3239 abeundi,
677 3169 798 3248 reliquae
810 3169 1040 3253 Comoediaeflst
1052 3182 1210 3234 contemtor

114 3264 154 3335 set
167 3271 286 3343 surget:
308 3270 406 3323 tamen
432 3281 450 3322 e
473 3261 570 3324 doctis
585 3264 731 3326 veteribus
745 3252 864 3327 discreti
878 3279 969 3346 atque
981 3267 1125 3348 disjuncti
1140 3280 1209 3340 suut,

121 3369 157 3419 nt
180 3376 249 3419 mox
264 3359 427 3439 aperiemus
440 3373 510 3441 post
523 3362 687 3441 argumenti
702 3364 907 3425 narrationem.
950 3365 983 3426 In
997 3365 1056 3426 hac
1071 3367 1209 3447 Prologus

114 3454 276 3536 aliquanto
285 3452 378 3517 lenior
392 3455 560 3517 inducitur:
581 3457 633 3536 qui
647 3458 742 3538 magis
755 3459 844 3521 etiam
855 3461 887 3521 in
898 3481 931 3523 se
945 3465 1120 3542 purgando,
1132 3484 1210 3545 quarn

120 3552 352 3614 in‘aduersariis
375 3552 520 3613 laedendis
542 3565 591 3613 est
614 3565 786 3636 occupatus.
827 3556 961 3617 Protasis
975 3568 1022 3618 est
1036 3558 1209 3630 turbulenta,

112 3640 253 3730 'Epitasis
278 3650 419 3722 clamosa,
441 3651 638 3729 catastrophe
657 3652 744 3713 lenia.
784 3651 916 3720 Quarum
931 3655 1060 3733 portium
1074 3659 1209 3719 rationem

114 3746 294 3826 'diligentius
318 3745 350 3805 in
372 3746 515 3826 principio
535 3747 754 3826 proposuimus,
778 3768 845 3809 cum
860 3749 898 3808 de
913 3751 1209 3833 Commdiaquaedam

125 3841 299 3903 dicaremus.
340 3842 415 3903 Haec
430 3863 502 3903 saue
517 3853 585 3904 acta
597 3856 644 3907 est
657 3844 737 3905 ludis
748 3846 874 3908 scenicis
888 3848 1062 3910 funebribus
1077 3851 1112 3911 L.
1128 3848 1209 3911 AEmi·

158 4036 171 4081 1
190 4034 214 4082 ru
227 4033 305 4085 z.-a
323 4037 356 4086 nu
368 4037 448 4088 z.-a
465 4038 554 4088 rnen
572 4039 629 4090 aar.
647 4040 738 4091 ΝΗ
755 4040 819 4092 oou.
836 4041 905 4094 prro.
921 4043 1018 4093 meua
1030 4030 1127 4109 sae.
1145 4032 1211 4097 suo
