2678 4694
187 308 252 375 612
523 352 533 372 ,
558 322 591 369 r.
616 320 799 368 annuatur
824 320 913 368 near

191 467 450 552 Exponendam.
495 461 563 529 Cu.
591 465 621 528 Ο
648 465 799 548 Jupiter!
823 470 997 528 tantamne
1020 481 1097 528 esse
1119 463 1158 527 in
1181 463 1288 530 animo

316 567 505 633 inscitiam!

187 672 247 737 Sc.
271 670 385 734 Perii!
409 670 489 751 quid
516 689 579 751 ego
606 670 698 734 secii
743 668 810 733 Cir.
835 667 1012 749 Rogitasi
1057 667 1118 731 So.
1142 668 1182 732 Si
1212 690 1287 752 pec-

317 773 402 847 cavi,
416 772 463 833 mi
479 769 633 847 Chreme,

187 873 337 939 Insciens
352 873 429 937 feci.
475 871 543 934 CH.
566 872 608 935 Id
624 871 781 955 equidem
797 891 871 952 ego,
888 872 917 934 si
930 877 967 934 tu
978 889 1091 953 neges,
1103 877 1198 935 certo
1210 873 1286 947 scio,

185 975 237 1039 Te
246 976 438 1039 inscientem
448 977 548 1055 atque
560 974 802 1055 imprudentem
812 974 921 1039 dicere
934 992 976 1037 ac
984 972 1097 1037 sacena
1109 973 1237 1036 omnia:
1248 972 1286 1036 20

123 1144 126 1149 ,
186 1076 254 1142 Tot
278 1085 419 1162 peccata
448 1075 483 1137 in
508 1075 572 1139 hac
600 1095 634 1138 re
662 1076 834 1141 ostendier
865 1094 955 1151 nam,
980 1073 1053 1157 jam
1077 1075 1236 1157 primum,
1260 1073 1287 1137 si

316 1197 427 1244 meum

187 1279 369 1363 Imperium
385 1280 508 1362 exequi
529 1279 709 1354 voluisses,
726 1278 932 1341 interemtam
948 1276 1118 1360 oportuit:

187 1382 269 1447 Non
284 1381 440 1445 simulare
455 1388 594 1444 mortem
612 1380 730 1454 verbis,
747 1399 782 1441 re
798 1380 875 1462 ipsa
892 1398 986 1462 spem
1001 1379 1082 1443 vitae
1099 1378 1192 1445 dare.

185 1480 233 1548 At
247 1482 281 1546 id
296 1484 430 1548 omitto:
455 1481 696 1554 misericordia,
713 1479 844 1544 animus
860 1486 1048 1545 maternus:
1072 1482 1158 1546 sino.

186 1584 300 1664 Quam
328 1585 413 1649 benc
441 1603 518 1648 uero
545 1583 664 1645 abste
691 1589 905 1665 prospectum
928 1582 1000 1645 est!
1023 1582 1106 1663 qnid
1125 1583 1286 1649 voluistii

317 1687 441 1767 cogita.
1248 1688 1289 1752 25

186 1787 319 1870 Nempe
333 1787 411 1850 anui
427 1785 477 1848 illi
493 1783 628 1867 prodita
642 1786 705 1847 abs
722 1791 756 1847 te
771 1782 841 1846 filia
856 1788 908 1847 est
921 1785 1142 1865 planissume,

188 1889 257 1953 Per
271 1897 305 1952 tc
320 1887 373 1952 vel
386 1887 438 1949 uti
453 1892 619 1967 quaestum
634 1884 771 1962 faceret,
788 1884 841 1948 vel
857 1885 906 1947 uti
923 1886 1047 1950 ueniret
1060 1887 1188 1969 palam.

188 1989 301 2054 Credo
317 1988 352 2051 id
365 1987 540 2068 cogitasti:
563 1985 697 2068 quidvis
713 1987 797 2049 satis
813 1992 877 2062 est,
894 1985 973 2049 dum
988 1989 1084 2052 vivat
1098 1991 1213 2054 modo.

190 2207 242 2257 Cu,
262 2207 327 2257 Proh
337 2206 455 2272 Jupiter!
471 2212 591 2270 eportetrre
603 2221 654 2256 erse
664 2210 755 2254 tautam
765 2204 925 2266 ignerantiam
933 2207 960 2254 irr
970 2212 1046 2255 urente
1054 2205 1146 2256 uilius?
1163 2207 1218 2256 ,δα
1236 2209 1290 2256 Per·

190 2272 242 2320 dita
252 2288 313 2333 aum,
330 2276 387 2335 quid
397 2273 520 2320 commisi?
552 2274 605 2320 Cur.
627 2271 730 2326 Quarta.
763 2271 811 2318 So.
827 2271 869 2318 Mi
881 2271 1004 2332 Cirremer,
1014 2272 1035 2319 si
1047 2274 1137 2332 errari,
1153 2273 1288 2335 perimpru·⁴

189 2337 304 2395 mutiam,
313 2352 359 2384 nuru
369 2337 451 2384 dedita
462 2350 532 2398 opera
542 2336 568 2383 id
574 2335 632 2394 feei.
668 2335 720 2384 Cu.
735 2335 833 2382 Certum
845 2336 871 2382 id
880 2349 936 2382 mue
947 2342 983 2384 ert
992 2336 1174 2398 midi,qnumaie
1184 2351 1289 2398 negares,

190 2403 215 2451 ie
225 2401 303 2449 dicere
313 2401 428 2459 nefacere
438 2400 517 2448 emnia
527 2414 568 2460 per
580 2400 741 2460 ignorantiam
751 2414 760 2455 ,¹
776 2403 812 2446 tet
822 2404 918 2461 peecata
935 2404 977 2448 tua
993 2401 1019 2446 iu
1039 2401 1081 2449 iaec
1092 2400 1163 2459 secte
1180 2402 1288 2450 ostendis.

190 2463 222 2512 Iu
232 2465 343 2526 primiani
353 2465 464 2513 vetuimus
474 2464 683 2526 eempterejursum
694 2477 779 2519 meum,
795 2463 917 2524 opertebat
928 2464 1030 2524 pueliam
1041 2465 1205 2525 interirem
1216 2465 1289 2514 uerbis

183 2526 281 2591 fingere
296 2543 348 2577 enm
359 2543 408 2577 eree
419 2533 544 2587 mortuam,
559 2533 582 2576 et
593 2542 619 2575 re
630 2526 683 2589 ipsa
691 2541 741 2574 eam
752 2541 792 2587 epe
802 2528 860 2575 vitoe
871 2529 967 2590 donare,
977 2542 1030 2576 eum
1040 2529 1183 2592 peeeetfieri
1195 2534 1224 2578 ut
1236 2543 1289 2578 auur

189 2592 256 2640 iilam
267 2594 383 2655 educaret,
395 2608 441 2641 nou
452 2597 586 2655 exponeret.
613 2591 646 2640 Ae
658 2592 684 2640 id
693 2594 817 2653 pretereo,
825 2597 849 2641 te
860 2592 966 2640 debuisse
974 2597 1057 2655 exequi
1068 2608 1147 2642 meum
1155 2594 1289 2656 imperium

189 2657 362 2717 misericordia,
373 2656 474 2720 affectae
493 2662 612 2706 maternus
622 2662 645 2704 te
657 2656 818 2717 impulerunt,⁸
834 2657 939 2704 cencede.
974 2659 1052 2712 Quam
1059 2657 1162 2719 pessime
1172 2674 1226 2706 uere
1240 2672 1289 2720 pre·

188 2722 272 2770 uidirti
282 2721 362 2786 Jilioe!
378 2723 435 2784 quid
452 2721 548 2770 coluisti
558 2719 663 2781 faeere?
684 2719 813 2768 considera.
849 2722 921 2769 Certe
933 2721 991 2784 fitia
1005 2722 1136 2784 prostituta
1153 2727 1190 2771 eet
1201 2723 1289 2770 omnim

186 2799 204 2834 u
215 2790 238 2834 te
244 2802 254 2842 ,·
264 2787 302 2835 aei
312 2791 340 2835 ut
349 2791 463 2849 quartum
475 2786 578 2847 turpiter
588 2799 682 2848 corpure
692 2799 733 2832 suu
738 2784 843 2844 faceret,
854 2786 891 2832 vel
902 2789 928 2833 ut
935 2787 1078 2834 venderetur
1087 2785 1188 2849 publice.
1217 2787 1287 2834 Crede

187 2849 224 2898 ita
237 2852 332 2913 putasti
337 2868 347 2911 ‚·
363 2852 474 2914 quidlibet
485 2850 584 2908 eueniat,
595 2852 684 2899 lucrum
695 2849 881 2912 corporesaeiat‚
896 2849 946 2898 riae
957 2850 1047 2899 suniat
1054 2866 1064 2907 ,·
1079 2850 1156 2900 satius
1167 2855 1213 2915 ert,
1222 2863 1287 2914 quam

646 3009 827 3030 nonomen
876 3000 881 3006 ’

188 3131 231 3181 Sir
247 3138 281 3182 ert
295 3132 322 3193 s.
339 3133 475 3182 Peri-16
493 3130 535 3182 ΑΙ.
552 3134 593 3181 aed
609 3132 710 3181 uicerat
720 3145 778 3181 auur
791 3133 818 3180 C.
880 3137 972 3182 tautam
989 3135 1112 3181 eree—li
1132 3131 1234 3182 Tantam
1244 3147 1289 3181 esee

188 3196 249 3258 Bip.
262 3197 333 3246 Peri.
346 3198 425 3246 Bent.
461 3198 519 3245 Erre
537 3202 630 3246 tautum
648 3198 725 3245 Both.
743 3199 789 3245 sed
808 3204 891 3258 notat,
908 3197 1071 3258 ‘Opernrum
1089 3210 1180 3246 errore
1200 3202 1290 3246 tautum

186 3260 281 3321 legitur
293 3275 340 3323 pro
351 3260 459 3311 tautam!
489 3263 590 3310 Tantam
600 3276 629 3309 rre
639 3263 684 3310 Br.
712 3263 842 3309 Tantumne
853 3261 941 3310 Gneif.
951 3267 976 3309 2.
989 3267 1015 3310 et
1026 3274 1116 3309 earnes
1124 3261 1201 3310 codd.
1213 3262 1289 3310 Bent.

188 3322 340 3375 ‘Imeitinm
375 3326 409 3375 G.
421 3327 450 3374 F.
466 3324 585 3374 defendit
601 3325 757 3375 inscientiam.
792 3327 826 3374 Et
845 3326 936 3374 laudat
955 3340 987 3372 ex
1006 3326 1057 3374 Me.
1076 3339 1127 3374 uno
1148 3326 1289 3374 Boecieruu.

188 3388 256 3437 Mihi
272 3391 298 3438 in
318 3391 389 3439 nulio
406 3390 559 3452 repertum!
578 3391 717 3439 Weut.—18
734 3388 847 3440 Quidam
867 3390 926 3437 libri
945 3387 1071 3452 reperii!
1096 3389 1229 3439 Chremeti
1248 3390 1290 3438 tri·

187 3453 280 3503 bnunt.
298 3455 373 3503 Idem.
406 3455 535 3504 ‘Codices
547 3455 666 3518 plerique
677 3469 774 3511 omnes,
787 3455 821 3502 At
832 3455 940 3515 rogitas?
957 3454 1025 3516 quod
1038 3453 1144 3516 majoris
1156 3460 1198 3503 est
1209 3455 1290 3516 indig-

187 3518 321 3569 nationis!
339 3519 412 3568 Berrt.
446 3518 489 3567 Ita
501 3526 527 3568 et
538 3519 585 3568 Br.
605 3520 665 3580 Bip.
687 3519 759 3567 Peri.
778 3519 855 3568 Both.
876 3518 972 3580 Deiph.
1006 3517 1102 3568 Omitt.
1121 3519 1144 3566 ei
1164 3518 1252 3567 Gueif.
1269 3525 1289 3568 1.

188 3582 235 3632 Br.
250 3584 273 3632 0
291 3583 325 3632 mi
346 3583 520 3632 Chreme-19
537 3584 568 3631 m
584 3585 689 3645 equidem
709 3597 760 3644 ego.
778 3583 872 3631 etiamsi
889 3588 916 3631 ta
936 3596 1015 3643 aeger.
1049 3583 1123 3630 Bam.
1143 3594 1195 3630 nnn
1214 3583 1291 3631 habet

188 3661 277 3697 vocem
299 3649 379 3709 etiam,
395 3661 452 3710 quae
472 3656 499 3697 et
517 3662 619 3695 versum
641 3649 762 3710 impedit,
779 3657 806 3696 et
825 3649 910 3696 sensui
932 3661 983 3694 uon
1004 3652 1044 3694 est
1067 3648 1232 3695 necessaria:
1250 3646 1290 3695 aiii

189 3725 276 3762 ornnes
295 3713 355 3761 libri
372 3713 477 3773 habent,
495 3713 539 3760 etsi
549 3718 568 3760 t.
585 3728 608 3759 rr.
628 3712 696 3775 quod
715 3719 741 3760 et
760 3713 843 3774 ipsum
861 3721 931 3760 stare
953 3717 1053 3773 potest:
1072 3718 1204 3773 praterea
1225 3713 1290 3760 seius

182 3768 263 3824 Bam.
273 3779 388 3840 equidem,
404 3776 447 3824 atii
459 3790 548 3824 omnes
559 3777 652 3838 quidem
663 3776 767 3826 trahent.
786 3777 830 3824 Fa.
865 3776 972 3824 ‘Nostri
985 3788 1073 3823 omnes
1085 3775 1116 3823 Id
1127 3775 1223 3837 quidem
1234 3774 1292 3836 ego!

189 3838 269 3889 Bent·
302 3843 348 3892 Br.
361 3843 391 3890 Id
401 3855 425 3904 q.
437 3855 458 3890 e.
469 3842 514 3889 etsi
525 3846 544 3889 t.
556 3855 580 3888 rr.
592 3844 654 3888 certe
663 3856 683 3890 e.
716 3842 747 3888 Id
767 3842 859 3903 quidem
881 3855 924 3901 ego
943 3839 1014 3888 Peri.
1054 3840 1162 3887 Etiamsi
1180 3840 1290 3888 En-uo

189 3903 338 3954 Neeeientem
349 3906 436 3954 Gueif.
447 3909 536 3955 3.-22
556 3905 614 3953 Erre
632 3914 689 3966 post
709 3906 843 3966 iuterempt.
863 3904 1009 3952 idem-24
1026 3904 1077 3952 Ms.
1097 3905 1242 3952 Rammius
1260 3918 1291 3955 m.

188 3967 250 4028 rino,
268 3973 291 4016 te
301 3971 395 4019 devicit.
413 3972 551 4019 Lina-25
570 3969 646 4031 Vulg.
665 3975 716 4018 est:
735 3970 791 4032 quid
810 3967 923 4016 vetuisti?
941 3968 1010 4015 nulla
1027 3968 1162 4016 distinctio
1183 3977 1292 4031 utroque

189 4031 248 4080 loeo
258 4031 283 4078 in
296 4032 371 4082 codd.
383 4034 416 4095 A,
427 4037 457 4083 B.
472 4035 543 4083 Beth.
562 4034 605 4096 qui
618 4035 696 4096 igitur
715 4034 762 4082 dat
779 4038 925 4095 prospectum
945 4039 989 4087 est,
1005 4033 1066 4094 quod
1083 4033 1191 4089 coluisti,
1205 4037 1290 4081 a—td

190 4093 342 4158 Legendum
353 4107 442 4150 monet
453 4101 534 4147 Bene
543 4099 634 4160 Nempe
645 4098 756 4147 ittiarrui.
781 4096 825 4144 lta
837 4105 864 4144 et
876 4097 1020 4145 notu-28
1038 4095 1101 4156 Alii,
1111 4096 1206 4158 quiduis
1216 4098 1291 4144 satius

189 4163 234 4207 ert·
256 4157 329 4226 Libri
340 4161 460 4224 quidum:
473 4165 534 4224 quid
544 4159 598 4211 eir?
611 4165 671 4212 retia
679 4168 725 4212 eet.
737 4161 820 4209 Weut.
840 4162 848 4188 ⁴
863 4161 964 4224 Quidvis
973 4159 1098 4210 uatiueeut.
1127 4161 1188 4213 0.1.
1199 4175 1222 4209 s.
1234 4162 1291 4212 rutis
