2678 4694
383 330 752 387 sonoruonuu‘i‘son.
771 338 804 387 v.
827 333 949 387 so.1x.
1140 311 1210 391 '793

111 481 190 548 De.
214 477 349 544 Faciet.
385 479 448 543 Su.
472 475 733 566 Ovir'optime!
782 481 855 546 AEs.
878 465 919 544 0Ι
935 478 1105 564 mi'pater'
1121 481 1214 550 testi-

164 580 167 589 *
274 581 281 596 ·
322 579 329 595 ·
402 582 410 626 r

118 682 187 747 Μι.
209 600 424 762 0111111111
446 677 530 765 queo
536 701 591 746 res
605 688 674 746 tam
685 689 822 765 repente
836 702 945 748 mores
960 686 1099 750 mutavit
1113 668 1210 751 most
1224 739 1225 742 ,

119 785 225 864 Quod
246 786 461 868 prolubiuml
493 805 571 868 quae
585 783 706 850 isthaec
723 784 837 850 subita
863 792 916 850 est
937 786 1099 868 largitasl
1143 786 1215 852 no.

121 964 171 1051 Ut
184 986 220 1050 id
237 887 561 1072 oglecffirtolllzl,‚qu⁰d
575 993 608 1054 ie
623 989 679 1054 isti
693 986 824 1052 facilem
841 993 875 1054 et
885 967 1042 1054 iestirom
1056 994 1184 1072 putant,

119 1087 164 1153 ld
178 1108 246 1154 non
261 1090 332 1154 fieri
345 1110 389 1155 ex
404 1110 485 1157 vera
498 1091 580 1169 uita,
595 1109 704 1173 neque
719 1090 806 1155 adeo
821 1109 865 1154 ex
879 1109 980 1175 requo
995 1101 1029 1156 et
1041 1093 1148 1159 bono:
1170 1090 1214 1157 3⁰

119 1191 189 1260 Sed
204 1209 250 1255 ex
263 1192 481 1270 assentando,
495 1192 709 1277 indulgendo,
724 1199 759 1258 et
772 1191 956 1275 largiundo,
972 1191 1088 1258 Micio.

119 1394 331 1446 Post'deliberobo.
347 1396 399 1446 Dr.
417 1395 486 1461 Syre,
494 1387 624 1457 oo'ououo,
637 1394 793 1454 Miliosooiet
803 1397 862 1459 quod
870 1395 940 1460 petis.
965 1396 1014 1446 St.
1033 1398 1056 1445 0
1068 1396 1107 1445 or'r
1117 1396 1211 1460 optime,

122 1457 235 1508 Denso!
266 1459 318 1510 AEs.
338 1462 360 1509 0
371 1462 405 1508 ori
414 1465 482 1523 poter
492 1460 649 1523 lpidbumsl
681 1461 732 1509 Mr.
751 1460 815 1517 Quid
825 1461 889 1510 blod
907 1454 961 1511 est?
976 1462 1091 1510 undenam
1102 1462 1152 1509 lroes
1163 1466 1214 1509 tom

118 1522 203 1571 subito
213 1538 303 1573 morum
313 1529 406 1574 luorum
417 1525 568 1574 immulatio?
588 1525 649 1572 unde
667 1524 712 1573 libi
722 1529 771 1573 tom
780 1531 887 1587 promtus
896 1526 988 1574 animus
997 1527 1029 1574 od
1044 1521 1211 1586 lorgierrdurri

118 1600 174 1648 Μ
193 1588 241 1636 imo
259 1593 308 1637 tom
324 1590 421 1651 profuso
439 1589 465 1637 irs
481 1589 603 1650 largiendo
619 1589 744 1638 noluntas?
775 1588 825 1637 Dn.
846 1590 933 1638 Dirum
953 1589 1008 1640 tibi.
1038 1589 1093 1637 Hor
1108 1588 1170 1649 feei,
1186 1591 1215 1637 ut

122 1651 276 1711 misertum
284 1653 389 1712 focsrem
405 1655 464 1764 {uod
476 1651 519 1701 isti
528 1652 581 1715 filii
596 1652 672 1700 nostri
688 1657 711 1700 le
726 1653 858 1701 elementem
869 1659 893 1702 st
903 1654 983 1702 mitons
994 1654 1121 1714 ourmonr,
1132 1654 1159 1701 id
1168 1666 1215 1700 uos

123 1715 186 1778 effici
196 1731 227 1764 ex
238 1731 293 1765 uero
305 1721 328 1765 et
340 1718 408 1765 loudo
422 1716 673 1776 ilisooililotesoturoe
684 1720 744 1765 tua:
761 1716 839 1778 immo,
848 1733 889 1766 neo
900 1719 971 1766 etium
981 1729 1011 1767 ex
1021 1731 1077 1766 sero
1087 1716 1216 1780 oequitotsr

121 1780 164 1827 sed
175 1793 205 1828 ex
219 1794 256 1843 eo,
266 1782 326 1843 quod
336 1780 369 1829 eis
378 1781 451 1829 nimis
466 1781 633 1847 subblondiris,
645 1780 763 1844 indulges,
774 1787 798 1831 et
809 1782 875 1845 lorge
883 1787 972 1831 sumtus
981 1781 1078 1845 probes,
1089 1781 1177 1831 Mitis:
1193 1779 1216 1828 si

567 1909 748 1929 ‘omnnem

121 2018 199 2068 quarn
211 2006 273 2056 leot.
284 2021 409 2071 nusquam
427 2007 488 2058 alibi
505 2009 616 2059 invenio.
633 2011 699 2061 Peri.
734 2010 799 2065 Quid
815 2014 876 2072 post
887 2009 950 2056 Istos
961 2005 1049 2058 Guelf.
1061 2009 1151 2055 2.—26
1167 2006 1216 2071 La7

120 2069 198 2118 borat
210 2070 362 2138 hievernus,
373 2073 422 2122 nisi
434 2073 544 2136 legatur,
556 2077 579 2122 0
594 2080 663 2138 poter
679 2074 721 2134 nri,
733 2081 761 2122 ut
780 2074 805 2122 in
817 2075 859 2121 vi.
870 2082 897 2121 et
908 2073 1054 2121 Decurtaro
1065 2070 1217 2119 collocetur.

120 2134 169 2182 Fo.
202 2133 276 2182 Unus
287 2143 386 2187 tantum
398 2151 430 2185 ex
448 2139 552 2197 nostris,
562 2139 670 2201 Regius,
680 2143 748 2201 poter
763 2138 805 2188 mi.
821 2137 899 2185 Beut.
928 2134 1068 2184 FooiesBr.
1091 2134 1166 2182 Potor
1184 2134 1218 2181 ori

118 2195 199 2247 Both.
211 2197 280 2248 Peri.
293 2199 353 2262 Bip.
364 2201 524 2264 Deion-28
542 2202 612 2251 Mur.
624 2204 690 2252 Vsr.
701 2203 775 2250 Lect.
788 2215 828 2250 iv.
840 2204 879 2249 la.
890 2198 1022 2262 prolumum
1033 2197 1098 2246 citat
1110 2211 1143 2245 ex
1160 2195 1220 2246 (ἓω-

119 2261 183 2310 ‘cilio
204 2264 272 2325 apud
296 2263 417 2325 Nonium,
440 2265 505 2314 unde
526 2265 661 2314 Terentius
685 2279 787 2313 versum
806 2265 872 2313 huno
894 2262 1008 2311 imitatur
1027 2262 1071 2310 rit.
1104 2261 1220 2313 Eandem

119 2325 259 2376 lectionem
281 2325 399 2377 defendit
419 2328 485 2379 Dae.
515 2327 566 2377 Adi
585 2330 617 2378 P.
630 2329 729 2378 Victor.
749 2329 811 2377 Ver.
832 2329 904 2378 Lect.
925 2326 1217 2375 xxi-t.1Mss.varie.

120 2387 155 2438 ln
176 2389 229 2439 Mo.
241 2390 311 2454 Lips.
329 2391 421 2442 Boend.
440 2391 474 2443 (i.
485 2393 562 2443 Bodl.
579 2394 618 2442 M.
634 2399 662 2443 et
680 2392 844 2442 Leidensium
862 2406 912 2440 rino
931 2397 973 2466 err-t
988 2389 1127 2453 prolubium.
1146 2389 1221 2440 idem

120 2482 155 2517 ex
167 2467 234 2520 libro
245 2471 373 2521 Vaticano
385 2472 473 2522 laudat
483 2472 606 2522 Fsirnus.
633 2473 664 2522 ln
675 2474 721 2522 Tr.
733 2476 856 2535 corrupte
865 2471 979 2533 proeluiu.
1007 2469 1038 2519 ln
1050 2469 1220 2519 Leidensibus

120 2531 206 2582 tribus
214 2535 362 2596 proluvium:
377 2537 466 2585 horum
479 2539 522 2586 uni
540 2538 741 2597 suprascriptum
751 2537 758 2564 ⁶
768 2534 880 2594 effusio:
890 2536 943 2595 uni,
954 2537 962 2563 ⁴
974 2534 1080 2597 largitas
1092 2541 1119 2582 et
1130 2530 1223 2583 effusio

120 2598 230 2647 ueneris?
261 2597 293 2646 In
313 2599 403 2662 quinto
421 2608 462 2648 est
478 2599 630 2661 profluuium.
658 2598 797 2646 Prolubium
816 2607 902 2646 eutem
918 2599 1000 2660 magis
1018 2599 1119 2660 placet:
1137 2611 1222 2662 neque

120 2673 183 2708 sene
190 2663 323 2722 pelusium
339 2669 397 2712 erat
407 2677 508 2711 servum
525 2677 585 2710 oum
602 2675 677 2710 serua
696 2662 886 2722 manumittere,
897 2676 980 2725 neque
997 2661 1073 2723 agelli
1090 2661 1222 2723 paululum

121 2731 150 2772 et
161 2738 321 2773 nummorum
334 2726 430 2790 aliquid
448 2726 571 2775 utendum
587 2732 614 2773 et
627 2739 680 2787 prae
692 2739 769 2772 manu
782 2724 853 2787 dore,
865 2725 910 2773 sed
927 2725 1032 2787 largitas
1045 2732 1072 2774 et
1082 2725 1223 2775 liberalitas

121 2790 376 2902 {inludit
397 2792 696 2905 ⁹¹¹l1..⁰¹lluitr..¹”
696 2788 804 2901 llll.
817 2789 1223 2902 ul'‘tltnpllnrlllffln

121 2887 242 2981 Addend.
255 2869 430 2967 fimt'ss'ff'gt
442 2891 643 2979 EM.’prolubium
661 2887 771 2980 legere]
785 2888 851 2967 aliae.
873 2869 935 2966 gSed
949 2888 1028 2966 et’ite
1039 2855 1221 2973 Gambsr’eldns

121 2981 148 3029 in
170 2979 281 3032 Observ.
315 2983 350 3031 Et
374 2983 474 3032 Nonius
501 2981 656 3032 Marcellus:
685 2988 692 3010 ‘
713 2981 861 3039 Proluoium,
883 2979 1006 3045 profusio.
1037 2981 1174 3030 Terentius
1195 2983 1222 3030 in

120 3043 265 3107 Adelphis:
285 3045 353 3101 Quod
361 3043 513 3109 proluvium?
529 3062 580 3110 quo
590 3046 639 3095 boo
649 3045 727 3095 subito
745 3047 845 3108 largitos
852 3043 873 3095 l*
907 3046 990 3096 Quam
1002 3045 1139 3096 lectionem
1150 3045 1221 3110 Gry.

120 3108 211 3165 multis
221 3111 315 3159 astruit
326 3110 351 3159 in
364 3111 463 3159 Glossis
476 3112 540 3161 Mss.
552 3120 630 3174 atque
642 3111 678 3160 ite
688 3111 792 3173 legebat
803 3109 841 3159 Cl.
851 3110 971 3159 Graevius
982 3126 990 3170 ;
1008 3109 1076 3159 forte
1087 3123 1102 3158 e
1113 3124 1158 3159 suo
1167 3111 1221 3160 Μι.

122 3171 230 3222 Dicitur
246 3183 332 3222 antem
352 3181 359 3203 ‘
372 3174 533 3237 proluvium'
545 3191 560 3223 s
571 3176 673 3239 proluo,
685 3177 723 3224 uti
735 3175 742 3202 ‘
752 3173 890 3223 diluvium'
904 3174 1007 3224 sdiiuo.
1026 3175 1082 3224 ΕΡ.
1094 3180 1121 3224 et
1132 3189 1223 3238 pauore

121 3236 180 3284 orie
189 3237 320 3300 prolubium
331 3238 481 3302 praeferunt.
514 3239 584 3290 Geli.
597 3240 658 3289 xvi.
668 3243 708 3288 19.
735 3241 742 3267 ⁴
755 3239 904 3288 Prolublum
917 3238 1037 3288 audiendi
1048 3238 1135 3290 subit.'
1150 3241 1223 3288 Wrst.

121 3301 186 3349 Tres
198 3305 231 3349 ei
242 3302 337 3350 nostris
349 3303 422 3352 bonae
434 3311 501 3352 notae
515 3303 662 3368 prolubium,
677 3303 760 3352 ceteri
773 3304 912 3369 proluvium.
948 3304 1048 3353 Nonius
1062 3318 1095 3352 ex
1113 3303 1162 3354 hoo
1172 3303 1224 3352 Te·

122 3366 203 3415 rentii
223 3366 291 3427 loco,
309 3372 381 3416 utet
398 3368 503 3416 Servius
521 3367 746 3417 odAEu.1rr.21⁷.
766 3369 900 3429 proluvium
920 3367 999 3418 citat:
1017 3369 1063 3416 sed
1081 3381 1114 3416 ex
1131 3367 1224 3428 Accio,

122 3428 220 3486 Nouio,
239 3431 358 3489 Laberio,
370 3432 509 3494 prolubium.
542 3431 615 3480 idem
636 3447 668 3480 ex
684 3433 814 3480 Varrone:
832 3432 937 3480 ‘Varro
957 3431 989 3480 de
1009 3432 1110 3494 Lingua
1130 3432 1224 3481 Latina

121 3491 206 3542 lina.
239 3492 390 3544 Prolnbium
410 3502 437 3544 et
457 3495 652 3543 Prolubidinem
671 3494 733 3556 dici,
745 3495 778 3543 ab
797 3495 914 3557 eoquod
935 3495 1039 3556 lubeat;
1057 3495 1125 3543 unde
1143 3495 1224 3543 etium

122 3555 213 3606 Lusus
222 3558 332 3608 Veneris
350 3560 504 3608 Lubentinae
522 3557 641 3608 dicatur!
674 3558 703 3606 Si
714 3560 762 3608 hoo
773 3556 857 3605 Varr'o
866 3575 873 3617 ;
882 3558 979 3624 tabeat,
990 3573 1039 3622 qno
1058 3559 1162 3620 dignum
1173 3564 1224 3620 est,

117 3621 261 3684 proluvium.
278 3623 362 3674 Bent.¹
384 3624 523 3672 Proluoium
542 3621 660 3671 defendit
676 3623 740 3672 Par.
763 3620 912 3685 Profluoium
929 3623 994 3684 Eug.
1022 3622 1073 3670 Isto
1093 3635 1140 3684 pro
1156 3623 1223 3670 istm

125 3685 238 3736 Bn-Tss
255 3687 324 3742 Quod
340 3692 390 3736 tom
402 3689 452 3738 Mo.
463 3687 525 3737 Par.
536 3687 665 3736 Peri—³1
684 3687 744 3735 Duo
764 3700 796 3736 ex
813 3687 907 3736 nostris
927 3699 977 3735 non
988 3685 1083 3735 liabent
1094 3700 1132 3735 es.
1166 3687 1222 3737 no-

617 3832 730 3883 NOTAE

156 3947 190 3993 ²8
208 3943 277 4001 Quod
284 3944 428 4008 prolubium]
443 3946 579 3997 Turnebus
589 3945 656 4010 legit
696 3944 771 4008 gilius
783 3943 828 3996 lib.
839 3957 883 3994 nr.
905 3942 1024 3994 AEneirios
1043 3943 1076 3993 do
1093 3943 1222 4011 fflrpyis:

123 4019 264 4081 proluvium,
274 4019 344 4086 qnod
354 4034 402 4084 per
414 4023 606 4072 translationem
616 4021 656 4077 di·
697 4021 864 4071 ‘Foedisrima
872 4021 967 4071 ventris
977 4022 1128 4084 Proluvies,'
1140 4023 1223 4089 idest,

125 4095 195 4145 citur
216 4091 332 4156 profusio
355 4103 383 4146 et
402 4097 580 4161 prodigalitas,
597 4112 656 4148 eum
696 4099 778 4148 sordis
788 4094 887 4160 effusio,
899 4098 953 4147 si've
962 4097 1013 4146 uiri
1023 4097 1191 4151 immunditia.

126 4170 185 4235 quis
195 4183 267 4221 more
278 4185 351 4237 aqaae
362 4186 424 4236 opes
435 4172 578 4237 profundit.
596 4174 655 4224 Vir·
