2678 4694
331 303 568 355 nunnuiouus
592 303 675 354 nou.
692 304 749 353 ιιι.
771 303 824 355 su.
840 307 882 355 11.
1087 291 1154 355 975

57 451 238 537 Numquid
250 452 304 518 hic
320 451 491 519 confecitl
536 450 639 519 Pum-
655 449 825 517 Hiccinei
840 449 929 536 quod
944 450 1044 517 homo
1057 451 1154 518 inhu-

190 574 423 619 manissimus:
680 561 685 583 ’

56 657 272 741 Pamphilam
293 676 401 722 meam
423 655 583 723 vendidit.
628 653 697 725 Gt.
722 653 842 734 Quint
866 655 1037 725 vendiditl
1081 656 1155 722 Au.

188 759 292 824 Ain’l
316 759 490 824 vendidit?
504 745 508 753 ¹
773 758 776 769 '
941 840 946 846 ·
1108 761 1153 826 25

56 862 163 927 Pus.
186 861 356 930 Vendidit.
405 863 474 926 Do.
497 859 610 940 Quum
632 859 802 943 iudignum
825 861 975 929 facinus!
998 863 1155 928 ancillam

68 1029 71 1037 ,
189 984 255 1031 aere
271 972 394 1030 emtam
409 984 481 1029 suo.
554 1024 556 1030 .

55 1065 163 1131 Puu·
178 1064 324 1149 Nequeo
340 1085 491 1144 exorare,
507 1070 546 1130 ut
559 1085 612 1129 me
627 1073 772 1146 maneat,
784 1072 818 1133 et
831 1086 909 1138 eum
923 1067 983 1132 illo
999 1072 1037 1132 ut
1047 1072 1155 1133 mutet

189 1167 299 1245 tidem,
473 1233 479 1252 s

54 1267 221 1346 Triduum
243 1270 317 1348 hoc,
341 1270 421 1335 dum
446 1269 492 1348 id,
519 1269 609 1355 quod
635 1275 689 1334 est
723 1270 937 1352 promissum,
959 1272 1007 1340 ab
1036 1270 1155 1337 amicis

189 1376 359 1453 argeutum
381 1370 507 1439 aufero.

58 1473 98 1536 Si
113 1479 181 1535 tum
196 1491 262 1536 uon
277 1472 410 1551 dedero,
420 1492 519 1536 unam
535 1479 698 1554 praeterea
712 1473 828 1538 horam
844 1494 886 1538 ne
900 1480 1060 1557 oppertus
1076 1476 1154 1540 sies.

58 1574 129 1638 Do.
152 1573 331 1639 obtundis,
375 1573 447 1639 An.
472 1573 579 1638 Haud
592 1574 726 1656 longum
741 1583 793 1640 est
806 1576 853 1654 id,
874 1577 966 1659 quod
980 1582 1065 1655 orat,
1081 1578 1154 1641 Do·

188 1677 258 1741 rio:
281 1685 413 1756 exoret,
430 1676 523 1741 sine:
1111 1677 1156 1745 30

57 1902 88 1937 me
105 1901 190 1950 porum
208 1891 232 1935 te
251 1888 355 1937 lenonem
374 1891 482 1952 prostes.
518 1888 587 1944 Quod
608 1902 662 1937 vero
681 1888 800 1950 negotium
822 1888 860 1938 dic
877 1889 953 1939 Dorio
966 1888 1085 1954 perfecit?
1101 1889 1158 1943 Pu.

58 1951 164 2002 manoe
181 1951 238 2016 quid
252 1953 363 2014 gemuit,
379 1951 487 2016 quoerio?
501 1956 562 2016 quud
580 1952 646 2001 nomo
665 1954 841 2003 mudeliooimuo
889 1955 1043 2014 soitsocere:
1059 1957 1160 2007 nmmum

55 2016 419 2078 mPompnuamomutou.
452 2018 502 2067 Gu.
522 2017 604 2074 Qotot
619 2019 744 2066 uendidit?
776 2017 828 2067 An,
861 2018 934 2068 tunel
948 2020 1072 2068 uendidit?
1103 2020 1160 2070 Pu.

62 2080 184 2130 Vendidit.
218 2083 273 2130 Do.
293 2082 370 2137 Qum
380 2083 444 2131 istud
460 2085 552 2143 grande
567 2084 640 2131 melus
656 2082 802 2140 ostenduet,
816 2083 947 2130 Dorionem
958 2084 1091 2131 uendidisse
1109 2097 1158 2132 oer-

58 2161 124 2206 oum,
134 2161 203 2209 quum
211 2146 310 2207 pemmo
320 2162 362 2194 suu
374 2147 529 2209 acquisierit?
561 2145 616 2194 ΡΗ.
634 2147 690 2192 Non
701 2161 793 2206 mesum
803 2146 833 2193 ub
841 2160 866 2192 eo
875 2147 1009 2206 impetrare,
1021 2153 1047 2193 ut
1059 2149 1100 2194 Inoo
1111 2152 1161 2195 tm

58 2211 112 2261 oio
123 2214 228 2274 expectet
238 2225 284 2271 me,
295 2210 480 2274 etfidemfutlot
491 2211 610 2257 discedens
620 2224 635 2256 u
645 2210 788 2271 venditione,
805 2211 860 2258 dum
869 2210 969 2271 pecunia
986 2210 1045 2259 milti
1060 2210 1089 2259 ud
1099 2212 1161 2271 omu'-
1188 2232 1191 2241 ¹

57 2275 93 2323 cie
102 2281 244 2324 numeretur.
279 2273 308 2323 Si
319 2280 370 2322 tum
381 2290 426 2321 non
437 2275 521 2322 dedero
531 2287 560 2321 ue
572 2272 743 2334 uniusquidem
754 2273 818 2321 doru
831 2274 935 2337 spolium
952 2274 1087 2336 opperimur
1096 2290 1160 2337 pro-

58 2344 135 2388 terea.
169 2342 221 2390 Do.
237 2338 344 2389 Dicendo
356 2338 425 2388 toties
433 2339 513 2387 eudem
523 2337 642 2386 cerebrum
653 2338 745 2387 exodus
756 2338 823 2388 milui.
856 2337 1049 2392 Autumnum
1067 2345 1158 2403 tompus
1224 2351 1229 2359 '

518 2496 704 2517 mom

59 2619 148 2673 uocat.
170 2613 312 2663 mut—ll
332 2613 452 2675 Numquid
462 2613 501 2663 lu'c
511 2610 628 2671 confecit?
654 2611 725 2659 Libui
746 2611 849 2675 quidam
862 2611 941 2660 verba
957 2610 1014 2661 taee
1026 2613 1103 2662 ueto
1115 2615 1161 2662 tci-

58 2680 153 2729 bunut.
187 2679 277 2726 Malim
295 2685 399 2726 autem:
419 2677 557 2738 Numquid
575 2676 613 2723 tic
627 2672 748 2734 confecit?
767 2677 804 2724 utl
823 2675 962 2724 ediderunt
982 2674 1074 2738 Aldus,
1092 2678 1161 2728 Mur.

58 2743 194 2793 Heinsius.
218 2741 443 2791 luem-unuln
470 2741 545 2800 Quid,
567 2739 701 2791 Ptoedriu?
722 2741 912 2789 omnious-uu
938 2741 976 2788 M.
999 2746 1084 2789 emtum
1103 2757 1162 2790 meo.

58 2806 155 2857 Boeud.
172 2811 199 2853 et
216 2805 273 2852 EA.
289 2805 399 2852 ancillam
410 2819 483 2854 meum
495 2810 579 2853 emtum
590 2820 637 2853 aere
654 2819 712 2852 meo.
729 2804 812 2853 West.
848 2805 904 2852 Meo
920 2801 1009 2854 Guelf.
1028 2810 1051 2854 l.
1071 2809 1167 2858 de-ll

61 2872 97 2930 Ut
110 2873 257 2916 monument.
283 2868 346 2917 Mus.
358 2868 434 2918 Budl.
452 2867 486 2917 G.
505 2869 597 2917 Boeud.
616 2876 644 2916 et
660 2868 715 2916 ΕΡ.
734 2872 762 2916 ut
777 2873 879 2916 anuumt.
896 2869 978 2917 West.
1013 2870 1162 2920 Cumu'llout

59 2931 226 2995 mutetfldem.
251 2931 317 2980 Haec
329 2931 435 2996 Guyeto
454 2947 502 2980 nec
519 2933 630 2995 OEdipns
647 2931 779 2994 iutelligit,
788 2932 903 2990 legenti:
922 2934 1016 2994 Nequeo
1028 2949 1125 2984 exorare
1135 2940 1166 2985 ut

59 3015 98 3073 qe
109 3002 216 3052 moneam·
232 3012 259 3046 eo
269 3012 321 3046 cum
331 3001 358 3045 ut
368 3013 397 3048 ne
407 3003 481 3046 mutet
492 2996 570 3061 fldem
589 2996 703 3045 Triduum
718 2997 768 3046 doc.
803 2996 913 3047 Quando
929 3003 976 3045 ‘eo
994 3012 1061 3053 cum,
1081 3006 1110 3047 ut
1128 2994 1162 3049 nd

60 3069 148 3113 mutet
166 3060 259 3111 fidem'
275 3068 377 3122 notent,
394 3069 441 3110 ‘ea
462 3062 622 3122 conditione,
638 3069 668 3110 ut
687 3069 740 3110 stet
759 3061 909 3124 promissis!
942 3061 1025 3111 Addit
1037 3068 1124 3112 antem
1135 3064 1163 3113 iu

61 3128 152 3190 glossis
162 3127 264 3175 ineditis
275 3145 281 3174 ε
298 3129 305 3155 ‘
317 3127 434 3176 Primum
444 3124 474 3175 τὸ
484 3141 510 3176 eo
522 3127 547 3174 in
558 3128 599 3175 illo
609 3132 746 3188 mutatum,
755 3127 832 3175 metri
846 3126 1007 3176 sustentandi
1018 3142 1105 3177 consu.
1130 3129 1163 3177 ’τὸ

62 3194 92 3245 Μ
104 3191 206 3240 enimin
217 3206 269 3240 cum
279 3191 339 3240 elidi
349 3201 485 3254 putarunt,
500 3190 569 3255 quud
581 3192 632 3252 nic,
650 3196 679 3238 nt
688 3198 716 3240 et
727 3192 788 3239 alibi
802 3199 930 3240 servatum
943 3197 991 3241 est.
1026 3193 1123 3242 Postea
1132 3192 1163 3242 ud

62 3256 221 3315 mauditum,
233 3263 260 3305 et
270 3256 299 3303 τὺ
310 3272 339 3305 ue
350 3264 490 3307 executum.
515 3258 554 3305 Ex
567 3259 673 3319 vulgata
682 3256 795 3305 lectione
806 3257 875 3306 nullu
887 3256 1018 3306 sententia
1030 3257 1097 3307 bona
1108 3259 1164 3309 erui

63 3328 169 3385 potest3
187 3320 263 3368 immo
281 3322 411 3369 sententia
426 3321 538 3370 auctoris
557 3321 694 3371 sententiae
714 3322 852 3372 contnuo-ia.
885 3321 988 3371 Plutonis
1006 3331 1093 3372 autem
1109 3324 1163 3381 illu,

63 3401 116 3434 com
126 3400 162 3447 eo,
178 3399 235 3447 quun
248 3382 386 3459 siguificat,
404 3399 435 3432 ea
445 3385 606 3449 conditione,
623 3387 701 3462 vulgo
713 3386 813 3448 ignota,
830 3388 979 3436 mutationis
997 3402 1077 3437 cansa
1093 3386 1163 3464 luit!

64 3451 140 3564 {dil
172 3449 1164 3575 iedolttttt2“ttttttai‘¹‘t·ttmfftt‘ttttttnt‘t:tutti:

64 3579 154 3628 choico
166 3578 330 3640 postulante:
348 3578 457 3640 conjicio
467 3583 494 3624 ct
504 3576 530 3623 in
540 3576 581 3626 vi.
590 3575 669 3624 fluisse
679 3590 725 3635 noe,
737 3577 784 3625 sed
796 3583 854 3639 pout
864 3583 972 3625 monent:
984 3586 1083 3626 tantum
1094 3579 1166 3627 euim

62 3644 114 3692 loci
126 3643 152 3691 iu
164 3655 251 3691 casura
264 3649 348 3693 vacet.
366 3643 413 3692 Fo.
446 3639 470 3690 Α
481 3641 578 3688 uostris
589 3641 664 3689 abest
674 3655 711 3689 me
716 3657 726 3698 ,·
742 3641 789 3688 uid
801 3641 870 3703 quood
882 3655 945 3688 nitus
956 3648 1047 3690 monent
1058 3657 1104 3702 me,
1115 3657 1163 3703 pro

64 3711 212 3757 menonem.
228 3706 307 3755 Bent.
333 3703 703 3756 AGM.etBr.rdmeubest.
731 3707 791 3754 Cum
800 3705 841 3753 illo
853 3709 926 3753 mutet
928 3705 1005 3769 fidem
1015 3707 1092 3756 Both.
1102 3708 1162 3771 Blp.

64 3773 112 3821 luo
121 3785 175 3830 oum
185 3775 213 3819 ut
223 3770 287 3828 ms.
298 3770 459 3832 Delplu—ltt
470 3771 522 3820 Mo.
536 3770 605 3832 Ilpa.
618 3771 680 3818 wit.
689 3768 780 3818 Boeud.
791 3769 874 3833 offero.
885 3770 966 3818 West.
985 3771 1027 3819 Ita
1038 3777 1066 3821 et
1073 3770 1163 3822 naeu.

65 3841 89 3885 l.
101 3839 193 3884 2.·-29
203 3833 391 3897 Reponendum
401 3844 488 3883 mouet
499 3835 576 3883 Bent.
587 3841 697 3897 oppertus
707 3836 769 3894 oiet,·
780 3843 810 3883 ut
820 3842 880 3883 unte
890 3838 898 3864 ‘
909 3834 1029 3890 moneat,'
1046 3834 1164 3886 ‘mutet’

65 3905 132 3949 -tto
150 3899 206 3948 ΕΡ.
223 3906 251 3946 et
268 3898 386 3962 quaedum
405 3899 460 3946 oliae
478 3906 596 3959 vetusto,
617 3899 735 3948 Ottunde.
768 3900 842 3948 Idem
860 3913 893 3948 ex
912 3899 987 3948 codd.
999 3901 1042 3949 vi.
1057 3909 1085 3949 et
1101 3901 1163 3952 Bos.

64 3965 155 4014 laudat
174 3961 297 4012 Fuimus.
317 3963 392 4012 West.
428 3963 545 4013 Obtumde.
577 3962 630 4011 Au.
650 3964 856 4025 Houtlouguomt
873 3963 900 4011 id
918 3964 978 4027 quod
996 3969 1058 4020 orat,
1075 3965 1164 4028 Dorio,

63 4035 148 4091 mouet
156 4029 216 4078 sinc.
247 4027 291 4075 Sic
302 4041 317 4075 a
327 4025 441 4075 Fudruo:
458 4030 504 4076 sed
515 4027 614 4077 fallitur
625 4027 665 4075 vir
675 4027 797 4090 optimus,
813 4043 871 4077 cum
882 4028 1072 4078 existimatione
1084 4036 1163 4093 pacto

64 4094 234 4143 Tcochaicum
245 4090 324 4143 fieri„
343 4089 453 4145 ‘Quod'
469 4092 531 4142 elidi
543 4092 642 4156 nequit,
654 4099 682 4140 et
696 4091 853 4142 ‘Obtundu'
870 4093 892 4140 ti
905 4092 1107 4156 primumcum,
1126 4096 1164 4144 iu-

65 4164 143 4223 grato
159 4157 262 4207 modulo
277 4169 366 4206 aurem
379 4156 507 4206 vulnerat.
540 4158 657 4222 Repono,
674 4157 783 4220 Optume.
808 4156 860 4208 Αιι.
880 4156 949 4207 Haut
966 4159 1084 4220 tanguam
1101 4163 1164 4223 pud
