2678 4694
421 301 656 354 enonnrours
680 274 762 354 scr}
784 307 824 354 rr.
850 308 902 356 so.
928 311 952 356 1.
1166 298 1232 362 949

132 438 219 503 Mihi
236 440 338 504 istum
354 442 442 519 volo,
459 447 601 523 aut,-ubi
615 448 750 527 habitet,
765 450 1030 516 demonstrerier.
1059 488 1063 495 ·

133 541 204 604 Gn.
234 541 367 623 Nempe
397 543 653 612 Phormioneml
714 551 780 614 Du.
814 552 924 615 Istum
949 560 1129 637 patronum
1157 578 1230 623 mu·

263 644 367 708 lieris·

130 742 200 807 Ga.
223 743 300 809 Jam
326 747 407 810 saxo
431 747 487 812 hic
515 750 632 817 aderit.
677 753 746 818 Du.
770 753 919 838 Antipho
946 757 1005 821 nbi
1030 777 1119 824 nunc
1146 763 1226 825 esti

267 848 366 912 Pure.
391 850 506 916 Foris.

128 947 202 1010 Da.
227 945 306 1111 Alpi,
323 949 497 1016 Phaedria:
519 972 594 1015 enm
609 954 749 1037 require,
765 962 867 1039 atque
880 955 1010 1023 adduce
1023 960 1100 1027 huc.
1123 960 1225 1027 Peras.

294 1068 315 1112 0
538 1062 540 1079 .

125 1147 243 1213 Recta
256 1150 311 1214 via
326 1151 480 1234 equidem
495 1152 585 1217 illue.
629 1153 696 1219 Gn.
720 1154 851 1240 Nempe
867 1147 1146 1246 adPamphilam.
1181 1161 1225 1229 80

125 1250 202 1315 Βιι.
226 1250 274 1314 At
288 1271 349 1332 ego
365 1253 457 1318 Deos
474 1254 616 1319 Penates
631 1256 709 1319 hino
725 1256 904 1324 salutatum
919 1260 1053 1327 domum

125 1351 317 1432 Devortar;
340 1353 417 1417 inde
432 1355 489 1418 ibo
505 1355 548 1419 ad
563 1357 682 1433 forum,
699 1363 801 1439 etque
816 1359 945 1442 aliquot
960 1360 1042 1426 mihi

124 1450 269 1516 Amicos
282 1453 526 1533 advocabo,ad
545 1456 628 1520 hano
644 1477 712 1521 rem
729 1459 788 1542 qui
803 1458 944 1538 adsient,

122 1739 178 1773 nem
188 1732 328 1788 prementem
339 1728 410 1776 istum
420 1730 469 1776 vele
485 1730 544 1777 milri
557 1731 657 1790 ostendi,
673 1731 765 1793 quinem
779 1730 1221 1795 nobisrerert,ontindicnriej1udo·

120 1804 196 1837 neem.
229 1789 280 1839 Ga.
304 1793 395 1854 Nempe
413 1793 598 1844 Pbomm'oseml
630 1795 681 1842 Da.
699 1795 777 1843 Istron
795 1801 920 1858 patronum
941 1797 1054 1846 mmmm.
1089 1798 1140 1847 Ga.
1163 1799 1222 1846 «loru

122 1854 193 1901 illem
211 1869 333 1903 arcensem.
368 1858 419 1906 Do.
441 1857 559 1907 Ubinam
572 1859 734 1920 ertAntr'pbe?
767 1858 823 1908 Ριι.
841 1859 919 1909 Foris.
954 1860 1005 1911 De.
1022 1862 1079 1923 Abi,
1098 1863 1222 1920 Pboedrin,

120 1932 177 1964 eran
188 1933 273 1979 quere,
284 1925 353 1981 atque
362 1920 407 1968 lma
417 1923 513 1972 adduce.
546 1923 601 1970 Ριι.
617 1924 733 1985 Equidem
743 1924 799 1971 illm
810 1930 874 1972 recto
883 1924 1027 1986 proficiscor.
1060 1926 1110 1976 Gn.
1130 1928 1221 1990 Nempe

120 1984 155 2028 ed
166 1983 325 2043 Pomptn'lnm.
361 1986 412 2033 Dn.
430 1987 464 2033 Ar
475 2001 517 2046 ego
526 1989 554 2035 de
564 1988 604 2035 oia
614 1988 706 2034 domum
716 1987 841 2046 disemum,
852 1993 880 2036 nt
893 1991 958 2037 Deos
967 1995 1062 2050 penates
1072 1992 1100 2038 ob
1109 1991 1220 2050 faustam

120 2046 226 2093 reditum
241 2050 354 2097 salntem:
375 2050 429 2098 inde
439 2051 553 2109 adferrem
565 2066 600 2099 me
610 2051 735 2113 messenum,
743 2057 811 2114 atque
821 2053 909 2113 aliquot
923 2054 1017 2114 amieos,
1027 2057 1149 2103 aduocatos
1160 2054 1219 2102 milri

120 2108 261 2173 adiungam,
275 2112 316 2174 qni
325 2113 383 2162 mibi
399 2119 486 2176 presto
501 2116 551 2162 sint
561 2117 587 2162 ln
598 2117 641 2163 lure
651 2129 730 2173 mmo,
740 2129 769 2163 ne
780 2117 910 2176 imputatus
920 2116 966 2162 ss'm
975 2118 1006 2163 od
1016 2117 1221 2191 dispstondnm‚sl

580 2306 669 2328 eum
672 2307 699 2327 Ν
702 2306 760 2327 ΙΙΟΙ

121 2452 206 2501 libens
218 2453 329 2514 capiam,
348 2454 369 2501 si
381 2453 525 2503 habendum
537 2456 571 2504 sit
581 2469 613 2506 es
626 2456 784 2514 conditione,
800 2460 829 2503 ut
844 2454 913 2503 illam
926 2452 1012 2516 patiar
1022 2466 1081 2502 curn
1097 2451 1142 2502 illo
1153 2468 1218 2519 nup·

121 2523 176 2566 tam
190 2516 233 2564 illo
245 2517 296 2566 die.
328 2517 369 2565 Ita
380 2518 403 2566 Ιι.
415 2519 430 2567 l.
447 2520 552 2582 egregie
571 2521 686 2582 explicat
705 2529 812 2582 magnus
831 2517 976 2566 Gronovius
996 2515 1061 2565 Oba.
1080 2517 1106 2564 in
1123 2517 1221 2581 script.

118 2580 194 2629 Eeel.
218 2581 251 2628 lt.
266 2581 300 2629 D.
333 2583 459 2644 Equidem
479 2585 636 2644 praetulerim
657 2584 794 2644 vulgatam.
820 2581 950 2629 Peru-re
972 2580 1055 2628 Istune
1073 2580 1216 2639 Botis-w

116 2645 201 2707 Lege,
220 2646 302 2692 Istum
318 2650 443 2706 patronum
463 2660 510 2706 pro
528 2646 620 2704 letum,·
636 2656 663 2695 et
676 2647 712 2694 sie
725 2651 860 2694 accentum
873 2645 898 2690 in
911 2642 1027 2690 ultimam
1039 2641 1126 2690 trahit.
1143 2644 1218 2694 Bent.

116 2709 181 2758 Non
193 2710 354 2768 interrogent
365 2714 424 2769 post
439 2709 653 2758 ‘Phormionem’
674 2711 717 2757 Βι.
737 2709 814 2757 Bent.
830 2707 860 2780 Ζ..
881 2706 941 2766 Bip.
961 2705 1039 2753 Both.
1056 2703 1126 2753 Perl.
1153 2707 1218 2783 Nepa

117 2787 168 2835 pro
182 2772 283 2830 Nempe,
294 2776 321 2817 et
338 2772 467 2818 Patronem
481 2773 554 2820 istem
570 2772 616 2820 dat
636 2772 779 2820 Boiu-re
797 2768 879 2830 Fores]
897 2767 972 2816 Hane
993 2782 1081 2817 vocem
1102 2768 1170 2844 Guy.
1184 2785 1217 2820 ,ιιι

116 2834 210 2899 glossis
228 2832 332 2879 ineditis
344 2834 418 2881 Getae
429 2835 528 2883 tribuit.
560 2837 625 2886 Quae
643 2836 723 2884 lentio
742 2834 897 2882 auctoritate
916 2845 966 2879 non
985 2838 1067 2881 caret.
1100 2833 1217 2884 Pramum

116 2899 188 2948 euim
200 2895 296 2944 diserte
305 2897 373 2944 servi
386 2898 502 2948 meminit
516 2900 643 2961 Donatus,
652 2899 696 2962 qui
706 2899 742 2947 ita
756 2895 923 2960 responderit.
938 2896 1003 2944 Tum
1015 2896 1108 2945 Boend.
1118 2905 1147 2945 et
1158 2898 1216 2947 EA.

118 2964 173 3012 ET.
193 2961 249 3008 EV.
264 2965 285 3008 l.
305 2961 360 3008 EV.
372 2964 397 3010 2.
412 2962 546 3023 exhibent,
572 2964 624 3013 Ga.
646 2963 722 3015 Foris.
739 2962 821 3011 West.
855 2959 924 3008 Illud
939 2958 1135 3035 ‘Foriq'qnod
1155 2961 1216 3010 libri

117 3027 183 3075 editi
195 3024 324 3073 Phaedriae
337 3025 460 3087 tribuunt,
481 3026 593 3076 dandum
606 3035 662 3077 erat
674 3028 760 3077 Getae.
793 3025 835 3074 Sic
851 3025 917 3073 alter
928 3037 961 3071 ex
972 3022 1125 3072 Meadranrs.
1160 3025 1215 3074 Do-

118 3097 210 3138 natus:
228 3089 337 3137 ‘Mitius
350 3104 418 3138 nune
433 3092 535 3154 quaerit,
554 3092 597 3140 ubi
609 3093 644 3141 sit
655 3091 771 3154 Antipho
782 3105 790 3149 ;
808 3096 844 3146 et,
856 3102 887 3136 au
899 3095 991 3162 amatae
999 3087 1145 3162 'adhaeream
1156 3090 1215 3139 sub·

119 3156 202 3203 tiliter
214 3155 321 3216 querit:
340 3156 407 3216 quod
428 3170 517 3204 servus
530 3157 676 3219 intelligens
689 3154 839 3218 respondet,
851 3152 941 3202 Foris!
974 3152 1063 3226 liedes,
1076 3161 1104 3200 ut
1117 3167 1214 3228 servus,

118 3220 189 3268 Geta
200 3219 310 3277 scilicet,
328 3220 495 3280 respondeat.
527 3222 563 3269 Et
581 3221 684 3285 quidem
703 3226 792 3268 recte:
810 3217 938 3282 quomodo
956 3231 1023 3265 emm
1035 3215 1155 3266 Plraedrra
1166 3218 1214 3268 boc

118 3285 206 3341 eoiret,
223 3282 267 3345 qni
284 3281 309 3328 in
322 3282 372 3330 alia
390 3283 465 3330 domo
484 3285 607 3335 virebat?
624 3286 697 3335 Beut.
728 3281 834 3332 ‘Foris’
852 3282 915 3330 daut
927 3282 1002 3345 Getae
1014 3282 1060 3341 Br.
1079 3282 1215 3333 Poris-lb

118 3347 212 3395 Multae
222 3344 283 3394 edd.
294 3345 387 3393 leviter
398 3355 516 3408 pungunt
527 3359 587 3410 poet
603 3353 611 3379 ‘
622 3349 742 3398 sol-eo
758 3348 893 3409 integrum
902 3345 970 3394 hunc
983 3359 1081 3395 uersum
1094 3347 1215 3410 Guyetus

118 3410 266 3458 addititium
280 3417 364 3466 vocet,
381 3419 458 3472 atque
468 3425 501 3458 ex
513 3411 612 3461 Andria
622 3427 781 3474 expressum.
816 3411 887 3461 Nihil
904 3417 990 3460 autem
1002 3410 1028 3458 io
1037 3411 1105 3459 omni
1114 3408 1215 3484 Andria

115 3475 178 3523 huic
190 3475 287 3532 simile;
304 3474 352 3520 nisi
363 3471 431 3522 sorte
443 3476 559 3536 respexit
570 3477 648 3525 verba
656 3476 736 3536 Dari,
748 3488 793 3523 111.
806 3479 831 3523 4.
841 3479 883 3522 21.
900 3473 988 3524 ‘Quid
998 3487 1082 3521 causae
1093 3481 1214 3533 est,qu1n

116 3539 177 3586 lrino
195 3539 221 3586 iu
234 3537 368 3599 pistrinum
381 3544 456 3586 reeta
467 3536 613 3599 proficiscar
625 3535 692 3586 viai*
723 3536 840 3585 Alteram
858 3535 981 3583 rationem
999 3534 1074 3607 addit
1092 3535 1212 3596 Guyetos

116 3604 143 3650 in
155 3600 293 3661 beeddrsn,
305 3601 373 3666 quod
391 3597 510 3650 nimirum
529 3616 579 3650 non
596 3601 740 3664 Pamphila,
758 3599 803 3648 sed
823 3596 1114 3671 Citharistripdretaeet
1126 3611 1213 3672 supra.
1253 3636 1258 3652 .

120 3667 197 3717 West.
229 3666 307 3714 Hune
326 3679 425 3714 versum
446 3666 604 3714 laborantem
624 3672 696 3714 sanat
714 3664 792 3713 leutio
805 3660 864 3710 libri
881 3660 1000 3734 Benrbrm
1016 3666 1043 3708 et
1061 3659 1167 3736 Donati,
1184 3664 1212 3713 in

117 3731 210 3793 quibua
221 3744 268 3791 pro
278 3730 384 3790 equidem
395 3731 492 3792 legitur
502 3731 601 3793 quidem.
614 3730 659 3782 Fa.
686 3728 777 3778 Nostri
789 3726 854 3775 mala
865 3739 877 3772 e
893 3725 977 3773 erdem
988 3724 1067 3797 Brut.
1095 3725 1214 3788 Eqntdem

116 3792 406 3854 (speltaetimpost
422 3794 631 3858 ‘nempe.'Perl.
666 3789 863 3848 uriacensem.
903 3786 1212 3864 plpb.Brp.Bpth3Perl.

115 3863 181 3907 -el
199 3858 344 3906 Delendum
363 3857 484 3918 illudat,
502 3858 569 3921 quod
589 3871 676 3907 versos
688 3855 798 3918 respni13
816 3855 878 3902 lieet
895 3852 955 3926 lrbrr
974 3852 1024 3926 bue
1043 3851 1211 3915 adpudrcentt

115 3936 200 3986 neque
215 3937 276 3970 vero
286 3919 467 3982 apponendum
478 3931 518 3970 est
530 3923 613 3971 versui
625 3921 716 3984 priori,
727 3928 756 3969 ut
768 3919 870 3982 quidam
883 3918 972 3991 volort,
980 3929 1076 3989 quippe
1088 3917 1212 3968 Phaedria

115 3995 143 4036 et
154 3988 225 4035 Geta
241 3985 325 4034 aversi
337 3985 385 4031 ieta
396 3984 463 4033 inter
475 4000 502 4033 ae
515 3987 695 4050 loquebantur,
710 3990 741 4031 ut
757 3996 836 4032 senex
847 3995 897 4029 nou
908 3979 1043 4028 sudaverit.
1076 3981 1144 4042 Ergo
1155 3985 1210 4032 nul-

115 4052 169 4098 lum
185 4051 227 4098 hic
239 4049 274 4098 At
285 4049 368 4097 locum
380 4049 467 4097 lrebet.
482 4050 556 4098 Beut.
590 4050 625 4098 At
637 4047 723 4112 rejicit
733 4047 812 4096 Botlr.
825 4047 851 4094 in
862 4058 964 4092 versum
974 4047 1016 4092 80.
1048 4042 1084 4093 Ar
1093 4060 1137 4122 ege
1148 4047 1208 4112 reji-

117 4116 190 4165 aiunt
204 4115 231 4164 in
248 4112 324 4163 eund.
336 4126 373 4161 rs.
385 4112 446 4176 Bip.
457 4114 621 4177 Delplr.-82
639 4114 754 4164 Desertor
770 4112 816 4161 Br.
840 4109 956 4160 Dieortor
974 4107 1076 4175 Delpb.-
1093 4112 1210 4162 Desertor
