2678 4694
272 337 588 388 nanunonmmon.
613 340 696 388 son.
720 341 760 388 11.
783 341 836 391 so.
861 342 916 390 111.
1075 327 1140 393 581

87 495 149 544 nn.
170 477 298 544 Verum
321 482 432 547 hercle
455 485 543 547 istuc
564 489 623 549 est.
668 485 762 568 Syre,
779 486 861 570 Syre
882 487 1026 570 inquam,
1045 487 1138 562 heus,

173 584 269 660 heuS,
285 584 377 666 Syre.

87 700 106 747 t.
131 683 327 749 concaluit:
351 687 432 769 quid
456 687 533 750 vis?
578 687 681 753 Gutu.
715 687 813 766 Redi,
843 690 924 753 redi.
969 690 1033 754 Su.
1066 688 1138 753 Ad-

173 806 269 850 sum:
294 787 348 850 dic
364 788 443 870 quid
459 790 535 851 esti

87 906 122 950 m
135 887 202 950 hoc
217 907 352 971 quoque
365 891 502 969 negabis
517 891 579 954 tibi
591 891 722 972 placere
733 874 753 954 t
787 891 893 956 Cum.
910 893 1030 970 Immo,
1043 893 1136 976 Syre,

100 1008 168 1066 me,
184 999 218 1052 et
232 1009 339 1053 meum
355 1010 509 1069 amorem,
525 998 558 1055 et
572 993 695 1055 samam
711 995 867 1076 permitto
884 995 957 1058 tibi.
1072 995 1136 1057 llll

86 1109 95 1153 ι
110 1111 149 1154 es
161 1090 287 1173 judex:
310 1111 351 1154 ne
366 1093 445 1176 quid
462 1095 674 1159 accusandus
689 1095 749 1170 sis,
764 1094 851 1160 vide.

87 1209 106 1255 ’.
134 1191 327 1256 Ridiculum
342 1199 406 1270 est,
421 1199 453 1257 te
468 1195 555 1260 istuc
570 1215 624 1258 me
639 1196 826 1274 admonere,
840 1195 1006 1281 Clitiph03

87 1294 155 1357 tasi
171 1294 248 1358 istic
263 1295 370 1358 minor
380 1315 456 1360 mea
470 1315 523 1359 res
537 1304 664 1378 agatur,
680 1318 779 1381 quam
795 1305 861 1363 tua.

87 1396 113 1458 lc
128 1396 159 1458 si
175 1394 255 1478 quid
270 1396 367 1458 nobis
381 1397 466 1460 foeta
480 1397 611 1460 adversi
626 1399 777 1475 evenen't,

87 1496 228 1560 bierunt
242 1503 359 1580 parata
373 1499 488 1574 verba,
503 1499 581 1562 huic
596 1498 720 1560 homini
736 1500 889 1563 verbera:
1073 1500 1137 1563 11⁶

87 1603 263 1681 eapropter
277 1598 350 1663 haec
364 1618 419 1662 res
433 1592 629 1682 neutiquam
644 1599 808 1680 neglectui
823 1606 874 1664 est
889 1599 978 1663 mihi.

88 1699 111 1764 d
126 1700 239 1763 istunc
253 1718 366 1779 exora,
382 1705 418 1764 ut
432 1719 529 1764 suam
543 1719 616 1763 esse
632 1700 812 1766 assimulet.
858 1696 969 1766 clm.
999 1702 1135 1768 Scilicet

87 1918 129 1976 lo‚·
146 1917 299 1966 statumine
315 1917 450 1966 mulieribus
469 1916 559 1966 etaiam
577 1931 612 1978 eo,
629 1917 728 1966 emicem
748 1924 813 1966 tuem
829 1919 975 1968 semisomno.
1009 1919 1067 1968 Cet.
1084 1917 1135 1966 Per

87 1983 170 2030 *cutem
188 1996 267 2030 oerum
283 1982 358 2041 dieis,-
375 1981 445 2045 Syre,
464 1983 534 2044 Syre,
551 1981 659 2044 taonem,-
675 1983 741 2045 leem,
754 1982 819 2044 leus,
837 1985 908 2046 Syre.
941 1984 989 2032 Su.
1009 1982 1135 2031 Hominem

87 2044 159 2094 tavi:
176 2047 232 2110 quid
249 2047 327 2108 petis?
358 2048 417 2096 Ctt.
437 2047 571 2106 Revertens,
590 2051 713 2095 reuertere·
745 2047 793 2096 Su.
811 2049 906 2096 Proesto
924 2061 992 2104 mm,·
1008 2048 1046 2095 die
1064 2061 1135 2108 quere

87 2124 190 2158 revoces.
221 2111 279 2158 Jem
289 2111 370 2159 ctotim
380 2111 452 2158 etium
463 2110 560 2171 negatis
577 2110 618 2158 loc
633 2111 677 2158 oti
686 2110 816 2171 jucundum
826 2127 882 2172 esee,
892 2109 1134 2170 ut-emicooeniot,et

92 2176 190 2238 mm
200 2180 338 2224 revertetur.
371 2174 429 2223 Cin.
448 2175 512 2229 Quin
529 2175 616 2238 potius,
633 2189 647 2222 o
665 2175 735 2237 Syre,
752 2175 798 2224 tibi
813 2178 881 2225 trado
897 2175 968 2223 etium
978 2189 1014 2222 me
1025 2179 1048 2222 et
1059 2187 1134 2220 meum

87 2252 142 2288 rem
153 2245 175 2287 et
187 2239 382 2288 existimationem
392 2253 484 2295 meum‚·
499 2239 615 2289 arbitrum
631 2245 656 2287 te
671 2240 795 2290 constitue.
828 2241 891 2288 Ceae
901 2253 930 2286 ne
938 2240 963 2286 in
975 2240 1054 2300 aliquo
1064 2252 1090 2286 re
1101 2236 1135 2285 sie

87 2302 243 2352 theodoadus.
277 2305 323 2351 Su.
337 2304 359 2350 0
372 2303 484 2365 Clitipho,
495 2317 533 2351 res
542 2305 616 2363 digno
625 2305 677 2352 rim
688 2310 732 2363 est,
742 2304 801 2352 milei
812 2304 855 2352 loe
862 2304 999 2367 precipere,
1008 2302 1078 2366 quasi
1088 2303 1134 2349 me'·

90 2368 121 2415 de
132 2383 183 2415 meo
191 2368 294 2430 periculo
305 2371 401 2428 egetur,
416 2382 485 2428 quom
500 2369 529 2415 de
547 2373 586 2416 tuo
596 2368 622 2416 in
632 2368 675 2416 lme
685 2383 721 2425 re,
731 2367 753 2414 si
763 2370 830 2427 sorte
840 2370 961 2431 quiequam
971 2383 1017 2415 non
1025 2380 1134 2431 prospere

87 2432 192 2479 emerit.-
208 2448 223 2481 o
239 2437 307 2494 patre
320 2431 397 2479 vertis
407 2431 583 2492 abja-gaberto,-
599 2447 641 2493 ego
659 2432 793 2481 verberibus
809 2436 899 2482 cedar:
916 2432 1003 2494 ideirco
1022 2433 1070 2480 tac
1086 2445 1133 2491 res,

87 2509 107 2543 m
124 2495 204 2556 cogito
220 2512 299 2560 ogere,
311 2497 373 2544 nollo
390 2497 456 2545 modo
472 2512 486 2544 o
500 2512 536 2544 me
546 2497 693 2557 negligitum
709 2499 749 2546 sed
765 2499 880 2560 persuade
898 2497 992 2558 Clinia,
1012 2501 1039 2544 ut
1050 2495 1133 2562 finget
1159 2510 1161 2514 ·

496 2669 675 2692 emonem*

87 2800 1133 2930 Ψὸεΐτεῗέῑὲῖηὶ·1113111113,τὲειιίῗῖᾱῑὶῖξυὶἵζᾍῗῖζῖτ

87 2933 89 2982 l
101 2932 217 2995 ascripta
228 2939 296 2992 sunt,
312 2929 379 2978 forte
391 2931 443 2979 alia
453 2945 537 2980 mann.
551 2931 721 2978 Reum-109
735 2929 793 2977 Non
802 2929 963 2990 interrogent
975 2936 1032 2989 post
1042 2930 1133 2991 plaeere

87 3006 117 3047 lt.
127 2997 189 3059 Bip.
199 2996 230 3044 Z.
245 2995 395 3044 Perl.-lltl
414 2995 448 3043 st
461 2994 562 3054 fantum.
580 2995 646 3044 llaec
666 2994 761 3042 absunt
782 3008 796 3041 a
816 2993 867 3042 Me.
880 2993 951 3055 Lips.
973 2992 1132 3044 Weet-ltl

90 3075 182 3110 omnes
195 3060 269 3108 codd.
282 3066 309 3107 et
319 3060 356 3107 sic
366 3061 437 3122 quasi
449 3060 633 3107 ‘terentianum
646 3065 672 3106 et
692 3057 751 3106 ideo
766 3064 867 3106 rectum
886 3058 1036 3120 accipimus.
1063 3060 1133 3110 Quo-

87 3125 115 3176 lo
128 3139 190 3172 vero
200 3125 280 3186 Syrus
291 3131 331 3172 est
344 3122 449 3186 judex?
466 3132 569 3172 auteur
585 3123 683 3183 videat,
700 3136 732 3169 ne
747 3121 905 3170 accusandus
920 3122 972 3171 sit?
989 3122 1044 3186 quis
1064 3124 1133 3173 enim

87 3203 162 3241 usare
174 3187 360 3236 solat'ndicem
371 3188 460 3236 sutum?
479 3189 594 3250 Repone:
615 3187 650 3234 Τιι
669 3201 694 3234 ee
711 3187 785 3234 inlex.
802 3187 880 3234 Bent.
903 3187 1008 3235 ‘dudem
1043 3188 1133 3238 Lectio

87 3255 198 3312 ubitam,
210 3268 239 3300 su
269 3253 306 3300 cit
317 3251 449 3300 commode
461 3251 614 3310 adsensum.
647 3251 745 3299 Temen
756 3258 860 3298 revocat
873 3248 982 3313 Anglus,
1001 3254 1069 3314 quod
1086 3254 1133 3302 mi·

87 3319 149 3377 sris,
163 3318 229 3366 inlex
240 3315 405 3365 Plautinum!
426 3317 491 3364 Peri.
507 3316 867 3378 Jueexprobatssom.-1m
885 3315 958 3364 Idem
973 3317 1071 3364 omittit
1089 3322 1133 3368 est.

86 3387 117 3432 1³
136 3382 209 3430 Vett.
221 3381 282 3430 edd.
299 3380 425 3429 minueres
443 3395 509 3428 mee:
526 3395 591 3428 unns
608 3395 640 3428 ex
660 3380 756 3441 Regiis,
774 3381 903 3428 minueres
921 3394 980 3428 meo.
1016 3381 1133 3444 Repente,

87 3447 179 3498 miiste'e
190 3459 284 3493 mearet
294 3446 376 3493 minor.
388 3445 547 3493 Reme-115
565 3445 598 3492 G.
610 3445 661 3493 ET.
673 3444 735 3492 ΕΜ.
752 3444 840 3491 homini
851 3443 995 3492 laic—116
1012 3443 1055 3493 Al.
1069 3446 1135 3500 Quc-

87 3517 134 3560 eter
150 3510 286 3572 neutiquam
303 3509 352 3557 lm
369 3523 414 3558 res.
433 3507 521 3557 Guelf.
532 3512 554 3556 1.
571 3523 601 3557 oe
612 3509 693 3570 utique
704 3507 816 3555 divisim.
833 3507 877 3555 Br.
888 3523 916 3555 ne
927 3509 1039 3570 utiquam.
1074 3510 1133 3557 ‘Ne

87 3590 154 3624 mum.
187 3574 230 3622 Sic
243 3573 319 3636 plane
330 3571 406 3621 codd.
419 3572 477 3621 Bet
487 3573 518 3631 C,
530 3585 590 3633 non,
600 3580 630 3620 ut
642 3573 710 3633 vulg.
720 3571 875 3634 conjuncte:
893 3572 1042 3634 neutiquam:
1061 3579 1132 3620 recte

87 3641 157 3690 dem:
176 3652 235 3686 nam
256 3651 285 3684 ne
301 3636 413 3696 eliditur,
433 3635 655 3684 animadvertente
674 3636 752 3684 etiam
771 3636 816 3683 Fa.
850 3635 911 3685 Vid.
930 3635 962 3683 ad
981 3633 1049 3682 And.
1067 3636 1133 3684 3023

88 3705 112 3754 lt.
128 3704 208 3752 Bent.
234 3700 304 3749 Peri.
321 3702 428 3761 neglecto
446 3702 546 3763 legunt.
564 3700 595 3748 Z.
611 3699 759 3760 neglectu'st.
778 3699 874 3762 Delplt.
886 3701 991 3760 neglecto
1006 3703 1132 3748 est—tlt

102 3769 175 3817 mum
193 3780 275 3814 exora.
293 3766 366 3813 Beni.
385 3767 443 3814 Bas.
459 3773 487 3814 et
507 3765 580 3812 multi
596 3765 638 3812 alii
650 3764 698 3812 Sed
709 3766 801 3812 istunc:
818 3778 907 3812 versus
920 3768 1080 3811 sustentatur
1092 3777 1131 3812 ra·

87 3833 152 3882 neus
163 3831 258 3880 totiens
277 3830 402 3891 repetitis.
422 3829 466 3878 Fe.
500 3829 597 3877 Omnes
609 3842 711 3892 quoque
720 3829 798 3877 Bent.
808 3828 894 3877 istum.
927 3830 935 3856 ⁴
949 3827 1021 3888 Vulg.
1032 3827 1133 3891 scilieet,

87 3920 89 3946 ι
105 3903 190 3958 tecte,
207 3901 236 3944 et
250 3895 345 3942 istunc:
360 3893 436 3943 codd.
449 3894 510 3941 Bet
525 3893 636 3953 cistam,
647 3892 715 3956 quod
727 3892 847 3942 suavius!
864 3891 937 3940 Botlt.
963 3891 1041 3940 Itium
1052 3893 1129 3944 ltabet

533 4052 643 4104 NOTAE

157 4171 205 4218 1⁰8
224 4165 360 4228 Consuluit]
373 4164 437 4215 Haec
448 4165 527 4228 Syrus
537 4168 603 4216 clam
615 4165 740 4235 loquitur,
751 4164 791 4213 vel
804 4163 837 4214 ad
848 4172 1016 4228 spectatores.

1209 4016 1269 4415 l
