2678 4694
204 432 258 496 Tu
273 452 343 497 rem
357 429 476 515 perire,
492 439 527 496 et
541 431 664 516 ipsum,
679 452 745 497 non
760 437 887 518 poteris
901 439 983 522 pati.

102 613 105 621 Ι
204 535 296 601 Dare
312 533 507 614 denegarim
528 533 589 598 ibit
604 532 648 614 ad
663 533 746 598 illud
761 536 862 612 illico,

203 634 284 714 Quo
301 654 455 699 maxume
470 635 561 718 apud
578 642 610 700 te
626 655 663 700 se
679 638 790 701 valere
806 640 945 705 sentiet:

204 738 384 802 Abiturum
401 757 437 801 se
451 738 513 802 abs
528 744 560 802 te
575 758 652 802 esse
668 738 761 803 illico
777 740 970 807 minabitur.
1254 741 1287 806 80
1327 800 1329 827 ,

205 840 281 905 ΜΕ.
304 838 429 904 Videre
445 859 569 919 verum,
584 847 684 923 atque
699 840 747 905 ita
761 842 812 905 uti
826 861 878 906 res
894 849 956 921 est,
969 842 1087 931 dicere.

205 940 272 1006 cn.
294 941 451 1010 Somnum
465 941 576 1006 berete
590 959 652 1022 ego
666 941 730 1006 hac
745 949 845 1007 noete
861 944 969 1007 oculis
984 963 1051 1009 non
1066 943 1138 1009 vidi
1153 944 1245 1021 meis,

204 1041 295 1105 Dum
309 1042 344 1105 id
361 1060 487 1125 quaero,
501 1042 563 1106 tibi
576 1043 634 1125 qui
650 1040 757 1105 filium
771 1043 988 1108 restituerem.

205 1143 279 1208 ΜΕ.
301 1143 396 1209 Cedo
411 1144 582 1209 dextram:
605 1163 704 1227 porro
721 1151 754 1207 te
769 1143 858 1206 idem
871 1164 931 1208 oro
946 1151 983 1209 ut
997 1144 1117 1221 facias,
1128 1142 1271 1207 Chreme
1327 1204 1329 1211 .

204 1247 271 1313 Cn.
294 1247 439 1310 Paratus
449 1266 533 1310 sum.
577 1244 652 1308 ΜΕ.
667 1243 767 1322 Scin',
780 1245 861 1329 quid
871 1267 957 1311 nunc
966 1246 1076 1311 faeere
1087 1252 1121 1312 te
1131 1246 1235 1310 volol
1254 1243 1289 1310 85
1327 1250 1329 1259 ’

204 1349 271 1415 ΟΕ.
293 1349 373 1413 Dic.
417 1348 492 1413 ΜΕ.
515 1346 619 1425 Quod
632 1347 768 1410 sensisti
784 1348 861 1411 illos
875 1368 929 1411 me
944 1349 1092 1432 incipere
1106 1347 1234 1424 tallere,

203 1451 244 1516 ld
260 1456 297 1516 nt
311 1455 480 1515 maturent
494 1450 622 1514 facere:
646 1447 747 1530 cupio
763 1446 813 1511 illi
829 1446 918 1524 dare,

202 1551 306 1631 Quod
320 1553 410 1619 volt:
433 1551 533 1636 cupio
542 1551 614 1634 jam
627 1547 753 1615 videre.
800 1546 868 1611 CH.
892 1546 1039 1630 Operam
1054 1547 1157 1610 dabo.

206 274 271 340 594
295 351 297 354 ,
579 294 611 341 r.
633 291 818 340 rnnaurn
842 295 931 342 arar

1326 672 1329 797 l

203 1743 248 1804 bit,
264 1744 297 1794 ait
316 1746 423 1809 iniquum
442 1761 474 1794 aa
485 1745 592 1806 iustum:
609 1748 637 1792 tu
653 1758 699 1791 nau
716 1741 884 1806 peterlsserre
912 1743 971 1792 bena
994 1742 1100 1807 deperdi,
1116 1749 1141 1793 et
1158 1738 1233 1806 mrim
1250 1753 1288 1788 sse

195 1806 285 1871 fllium.
319 1808 348 1858 Si
358 1824 449 1859 recuses
459 1811 516 1857 dare
526 1810 548 1856 ei
558 1823 610 1871 quoe
619 1811 692 1870 petet,
710 1809 817 1856 contiuuo
833 1824 861 1858 eu
876 1823 902 1856 re
919 1813 1007 1869 melus,
1024 1823 1070 1871 qua
1081 1808 1230 1870 aenigmat
1239 1803 1286 1854 mli·

202 1871 258 1920 dum
268 1887 317 1922 esse
327 1875 450 1922 ndvmsum
460 1878 483 1922 te
494 1872 627 1934 iutelligetr
645 1872 728 1920 statim
744 1872 871 1921 minabitur
886 1888 912 1922 se
922 1873 1076 1922 disemrurum
1086 1888 1102 1921 a
1113 1877 1145 1921 te.
1179 1874 1234 1923 ΜΕ.
1245 1865 1287 1917 Er·

202 1934 283 1984 istima
295 1942 318 1988 te
328 1951 383 1985 uera
393 1937 463 2001 loqui,
477 1942 547 1999 atque
556 1936 592 1988 ila
602 1940 629 1984 ut
639 1949 710 1984 resse
719 1935 796 1985 babet.
830 1937 882 1986 Cu.
899 1937 950 1987 Per
962 1937 1088 1986 Herodem
1098 1937 1223 1999 mntem
1231 1936 1287 1984 mdc

201 2013 307 2050 somnum
328 2003 423 2051 minime
440 2001 508 2065 saepi,
533 2002 588 2049 dum
607 2000 695 2062 rogita,
714 2003 902 2062 quemadmodum
925 2002 1046 2050 redderem
1065 2000 1111 2049 tibi
1129 2001 1196 2063 patri
1216 1997 1287 2060 cupit

195 2063 278 2127 filium
288 2071 362 2115 tuum.
396 2067 451 2115 ΜΕ.
468 2066 646 2115 Dadexterm
679 2065 1287 2139 Etiamtepreearutdeiueepridemsuaerepergut·

202 2127 254 2176 Cn.
271 2129 331 2178 Sum
340 2136 437 2193 paratus
448 2129 663 2188 udidsaeieudum.
697 2129 754 2178 ΜΕ.
770 2128 854 2178 Saeua
865 2129 921 2192 quid
932 2132 999 2192 cupio
1011 2135 1035 2177 le
1044 2130 1215 2188 madefaceret
1244 2127 1286 2176 Cn·

204 2193 269 2247 Quid
283 2199 327 2255 est,
338 2196 400 2244 aedo.
435 2195 490 2245 Mu.
509 2194 573 2249 Quin
583 2193 722 2242 intellexisti
732 2193 785 2241 illos
800 2194 920 2256 inceptare
930 2208 967 2241 me
976 2191 1286 2255 decipere,facuifsslimt

200 2255 353 2323 idperytrere.
387 2259 462 2322 Cupio
473 2258 577 2310 illidere
587 2271 734 2321 quarumque
745 2259 819 2306 uelit.-
835 2257 994 2321 eupiastatim
1004 2259 1150 2308 sumsidere.
1186 2253 1286 2309 cara

657 2401 838 2422 ”mm

201 2517 242 2578 sit,
256 2520 330 2579 petet.
362 2514 556 2580 Bip.pruuumne
565 2532 597 2566 aa
606 2521 695 2566 rectum
706 2517 749 2578 sit,
761 2519 821 2580 quod
830 2521 967 2581 petet—'ll
984 2517 1056 2565 Illum
1067 2530 1115 2578 pro
1124 2514 1205 2580 ipsum
1212 2511 1288 2579 Caeli.

202 2585 292 2632 2.-78
310 2581 348 2630 M.
360 2582 428 2630 Dure
438 2583 460 2629 si
474 2582 606 2641 denegaris.
638 2580 700 2642 Alii,
715 2582 848 2642 denegabis.
880 2582 1016 2644 Msbips.
1033 2581 1079 2628 ibit
1099 2582 1132 2629 ud
1149 2582 1217 2630 illum
1233 2580 1287 2640 ilias,

203 2647 260 2702 Qui.
293 2645 350 2695 EA.
375 2647 419 2695 ibit
438 2648 469 2694 ad
489 2647 555 2695 Mum
574 2646 637 2706 ilico,
657 2647 740 2702 Quem.
762 2647 844 2696 West.
877 2647 964 2695 ‘Dare
983 2644 1119 2705 denegata.
1136 2645 1218 2694 Multi
1235 2642 1289 2692 libb.

202 2710 293 2774 script.
304 2710 373 2760 inter
388 2725 451 2774 quos
462 2710 535 2759 Bem.
547 2717 575 2759 et
586 2710 629 2758 alii
640 2711 746 2786 antiqui,
762 2709 903 2771 denegaris!
920 2711 967 2759 Fa.
1002 2710 1010 2736 ‘
1022 2709 1114 2758 Nostri
1131 2707 1189 2757 fere
1201 2720 1288 2767 omnes,

201 2773 341 2836 deuegaris'
359 2775 436 2824 Rent.
469 2774 515 2823 Br.
527 2775 595 2824 Dare
605 2775 661 2823 sid.
674 2774 720 2823 ilat
732 2776 763 2823 ad
779 2776 854 2824 illum.
888 2772 917 2821 Si
930 2776 986 2822 clare
998 2771 1088 2822 Guelf.
1099 2777 1193 2823 3.-79
1209 2773 1240 2822 ll.
1251 2772 1290 2821 ΒΕ.

202 2838 292 2888 Guelf.
305 2844 328 2890 1.
346 2843 370 2889 2.
389 2840 437 2898 Qui
453 2843 549 2888 ιιι-80
566 2840 655 2889 Nostri
670 2854 759 2888 omnes
774 2838 940 2887 minitabilur:
956 2837 1047 2886 metius
1059 2837 1146 2886 versui
1164 2837 1289 2887 eonsules·

200 2911 251 2952 tes.
270 2903 340 2954 Brut.
375 2904 472 2965 ‘ang.
490 2904 532 2952 abs
551 2909 575 2952 te
589 2918 645 2958 esse,
660 2904 723 2951 illico
739 2903 882 2952 minabitur:
900 2901 946 2950 sed
964 2901 1054 2965 putide
1074 2902 1207 2963 repetitur
1227 2900 1290 2957 illim,

200 2969 289 3017 seilicet
300 2969 396 3031 optime
408 2969 517 3032 quadret
527 2968 599 3016 loeo:
619 2966 832 3027 vicina-seillim,
842 2964 951 3015 scilieet?
967 2966 1046 3015 Both.
1063 2966 1107 3029 qui
1120 2965 1181 3014 inde
1193 2964 1247 3024 dat,
1261 2963 1289 3012 Δ.

200 3047 224 3081 se
234 3033 275 3081 ais
284 3036 309 3080 te
318 3033 407 3080 seilicet
418 3030 575 3080 miritalitur.
609 3030 660 3080 ΜΕ.
671 3031 741 3093 Lips.
757 3031 788 3079 R.
803 3031 848 3081 Br.
865 3036 892 3078 et
908 3031 969 3078 Vet.
980 3029 1043 3078 cod.
1057 3044 1100 3093 sp.
1112 3029 1190 3079 Lind.
1202 3027 1291 3078 mistu-

200 3095 336 3144 Νίκη-81
355 3097 430 3144 Bem.
447 3108 513 3143 vera.
548 3093 659 3144 ‘Nostri
672 3109 759 3144 omnes
770 3109 864 3144 verum:
881 3094 949 3156 qnod
968 3094 1069 3154 placet:
1088 3107 1175 3157 neque
1187 3093 1291 3142 mutarit

201 3158 254 3206 Fa!
272 3159 410 3209 Beria—82
426 3158 510 3207 Abest
526 3172 570 3219 ega
589 3158 676 3208 Gueli.
688 3162 779 3209 2.-88
797 3157 928 3207 Acidaliae
947 3158 980 3206 ad
1001 3157 1130 3206 Velleinm
1150 3157 1254 3208 Patere.
1264 3167 1291 3204 11.

201 3226 242 3270 st.
260 3227 382 3285 testatur,
397 3223 422 3270 in
446 3228 497 3271 vet.
513 3223 572 3272 eod.
591 3223 732 3272 Parisiensi
749 3222 874 3286 seriptum
892 3222 1190 3284 inveniri,D.idquoese.
1218 3219 1291 3271 lierti-

199 3293 296 3334 luerem.
328 3286 380 3335 Vix
391 3287 558 3336 Latinitatem
571 3294 666 3337 tuetur.
699 3287 789 3337 Malim
807 3287 894 3348 igitur,
904 3287 1043 3336 restituam:
1060 3286 1129 3350 qnod
1146 3292 1190 3335 est
1204 3285 1230 3334 in
1243 3284 1291 3350 qui-

202 3350 308 3399 busdam
319 3352 383 3400 Mes.
395 3358 422 3400 et
433 3351 564 3415 impressis
580 3352 770 3400 vetustissimis.
791 3349 868 3400 West.
899 3351 998 3412 ‘vulp
1015 3351 1173 3412 restituerem,
1193 3349 1292 3400 turbata

200 3417 384 3464 consecutione
396 3418 557 3478 temporum
573 3416 645 3465 Botlr.
662 3416 705 3480 qni
715 3416 780 3480 legit
790 3415 1009 3464 teatensem-sa
1027 3415 1088 3463 Par.
1107 3429 1135 3476 p.
1151 3429 1208 3464 var.
1227 3413 1291 3462 ceu.

200 3480 242 3529 Al.
253 3481 384 3529 dexterum.
417 3480 526 3529 ‘Nostri
546 3494 632 3528 omnes
652 3480 757 3528 meliore
777 3479 877 3542 ordine,
892 3493 961 3541 parra
980 3484 1004 3527 te
1021 3493 1061 3527 aro
1078 3479 1141 3527 idean
1156 3477 1203 3528 ut.’
1219 3479 1291 3526 Beni.

200 3544 285 3593 Abest
295 3550 323 3595 ut
334 3541 421 3594 Guelf.
431 3548 523 3606 2.-85
538 3543 597 3593 Scir
607 3544 663 3607 quid
673 3559 735 3594 nune
745 3550 769 3594 te
780 3543 862 3603 faeere
881 3542 944 3604 eata]
962 3543 1038 3590 Varie
1060 3543 1226 3592 collocantur
1242 3542 1292 3589 bne

200 3609 289 3671 verba,
305 3609 351 3660 sed
363 3611 419 3659 baee
429 3609 490 3657 mibi
501 3609 637 3658 collocatio
648 3610 772 3669 omnium,
789 3608 958 3708 quesierant,
974 3607 1181 3656 commodissima
1193 3605 1292 3655 videtur

200 3674 233 3723 ob
245 3689 389 3735 nnmerum,
404 3673 453 3722 scia
468 3673 525 3736 quid
539 3687 601 3721 auur
611 3672 693 3730 faeere
703 3679 727 3722 te
736 3674 803 3723 uolo.
823 3673 862 3722 ita
879 3672 994 3735 plerique
1006 3671 1067 3720 libri
1079 3670 1173 3734 scripti
1189 3671 1290 3728 habent,

201 3746 229 3786 et
239 3739 265 3786 in
277 3739 308 3787 iis
320 3740 419 3802 aliquot
429 3752 462 3786 ex
475 3737 596 3800 antiquis,
613 3744 641 3785 nt
652 3738 710 3786 Bas.
729 3738 773 3788 Fa.
806 3737 849 3786 Ita
867 3751 969 3800 quoqne
989 3750 1076 3785 omnes
1094 3736 1241 3784 Bene-86
1256 3733 1290 3782 Μ.

201 3809 229 3850 st
240 3802 297 3851 ΕΑ.
314 3802 484 3867 incipereuelle
496 3801 590 3861 fallere.
606 3801 688 3850 West.
721 3800 765 3850 Ita
783 3816 885 3865 quoque
905 3808 958 3848 vet.
977 3799 1037 3848 eod.
1056 3814 1098 3861 sp.
1119 3797 1196 3846 Lind.
1233 3797 1291 3848 Velle

202 3865 472 3930 penatespenates.
509 3866 573 3915 Velle
590 3866 732 3928 postiueip.
745 3869 832 3914 1.-87
850 3865 942 3914 Pata
957 3865 1011 3912 Volo
1028 3868 1055 3911 ut
1071 3879 1103 3912 m.
1138 3861 1291 3913 Glossataris

203 3929 314 3993 videtur,
326 3932 397 3981 verbi
416 3931 466 3980 oola
484 3944 521 3980 us.
533 3933 573 3980 85.
591 3930 755 3980 immemoris.
772 3929 906 3980 Peri-88
923 3928 1056 3977 Bentleius
1068 3925 1161 3990 edidit,
1177 3927 1245 3991 cupio
1259 3926 1292 3987 ip·

201 3994 321 4052 rumis.
356 3997 434 4046 Certe
454 4009 543 4044 sensus
562 3995 664 4058 egregie
684 3993 847 4044 commendat
866 3992 929 4040 illnd
947 3994 1031 4057 ipsum.
1048 3991 1132 4039 Zenn.
1165 3992 1233 4039 Tres
1252 3987 1291 4054 qui

202 4066 344 4119 sequuntur
355 4075 453 4123 versus,
470 4059 502 4108 ud
514 4059 589 4109 finem
601 4059 676 4123 hujus
690 4072 775 4109 soenes
788 4066 964 4120 apposuerunt
983 4057 1060 4104 Bent.
1079 4055 1151 4123 Peri,
1169 4056 1249 4104 Botb.
1267 4059 1292 4101 et

194 4120 321 4188 ,bensium
338 4124 406 4188 apud
417 4139 492 4190 quem
504 4129 587 4184 tamen
604 4123 646 4175 bie
665 4132 708 4173 est
726 4121 807 4173 ordo:
825 4123 847 4171 A
864 4136 900 4171 ms
916 4122 990 4174 arseio
1057 4121 1097 4169 Ne
1115 4132 1158 4181 aas
1168 4155 1175 4170 .
1185 4153 1209 4185 .··
1220 4119 1292 4183 Syru
