2678 4694
372 306 689 358 nusuuouurreon.
712 307 795 356 sur.
814 309 865 358 ιν.
889 311 942 361 sa.
964 313 998 362 v.
1170 303 1236 369 631

132 454 201 518 CH.
225 452 333 518 Hand
347 453 480 519 faciam.
526 453 590 517 sn.
609 451 728 528 Immo,
743 451 819 516 aliis
837 452 970 534 silicet,
984 456 1045 521 tibi
1060 458 1230 526 nonlicet.

131 553 260 620 Omnes
271 560 303 619 te
315 556 349 620 in
360 556 455 619 lauta
467 563 500 620 et
515 555 601 620 bene
617 561 718 623 aucta
732 559 827 638 parte
843 563 974 638 putant.
1188 564 1232 627 50

130 660 198 732 Gn.
222 661 318 756 Quin
333 668 463 747 egomet
472 663 545 749 jam
561 664 604 729 ad
619 663 865 730 eam‘deferam.
910 665 974 732 ΒΥ.
997 668 1107 734 Immo
1124 671 1229 737 filium

129 765 360 850 Jubepotins.
407 764 474 831 GH·
497 766 751 858 Quamobremi
797 767 861 831 Su.
885 766 975 849 Quia
990 772 1127 837 enimin
1143 773 1230 839 huuc

260 868 410 951 suspicio
425 866 468 939 ’st

128 967 311 1032 Translata
325 970 458 1033 amoris.
502 969 570 1034 Cu.
593 968 685 1047 Quid
702 969 798 1032 tumi
843 968 908 1034 Su.
931 967 1021 1048 Quia
1042 972 1210 1040 ridebitur

129 1069 244 1151 Magis
258 1071 438 1134 verisimile
454 1069 490 1134 id
503 1090 591 1148 esse,
606 1089 683 1134 cum
696 1070 751 1133 hic
761 1069 813 1133 illi
829 1069 944 1135 dabitt

105 1232 107 1236 .
128 1169 239 1233 Simul
252 1176 288 1233 et
299 1169 472 1236 conficiam
489 1171 622 1235 facilius
637 1190 711 1252 ege,
726 1171 817 1254 quod
833 1172 923 1236 volo.
1186 1176 1232 1240 5⁵

127 1269 209 1354 Ipse
223 1271 309 1336 adeo
322 1272 440 1338 adest:
463 1272 538 1337 abi:
562 1271 641 1336 effer
657 1279 839 1354 argentum.
885 1271 953 1336 Cu.
976 1273 1098 1339 Effera.

127 1450 157 1497 ad
167 1463 208 1498 eas
218 1448 376 1513 samsaijaris
385 1451 498 1500 smirnos.
529 1450 577 1500 Su.
596 1449 653 1511 Sed,
664 1449 686 1499 ei
691 1449 760 1510 iaris
779 1453 818 1500 illc
833 1451 900 1512 rig‘er
910 1452 967 1501 eliis
981 1453 1141 1517 permittitur,
1149 1458 1228 1503 rames

127 1529 173 1562 aen
184 1515 252 1564 decet
263 1520 287 1563 tc
298 1529 324 1562 ea
332 1514 440 1577 aliquod
456 1529 534 1563 caraea
549 1520 572 1563 te
589 1520 714 1564 summani
732 1514 795 1564 inter
806 1516 883 1564 laatm
893 1522 917 1564 et
929 1519 1058 1580 nereides.
1091 1517 1144 1566 Cn.
1163 1516 1228 1571 Quin

125 1578 204 1634 iaaac,
216 1592 262 1639 ega
272 1593 335 1627 sanc
343 1584 469 1639 amentata
480 1579 562 1639 seram
573 1581 604 1627 ad
613 1579 765 1629 Bacchidem.
797 1580 847 1630 Su.
863 1579 911 1630 Sed
929 1583 1010 1644 petias
1028 1581 1085 1641 jule
1102 1581 1185 1646 fluam
1201 1581 1229 1630 id

84 1703 87 1706 ‚
122 1641 212 1702 fecere.
247 1640 300 1691 Cn.
317 1642 415 1698 Quare?
446 1644 493 1692 Su.
512 1643 583 1692 Certe
593 1643 757 1706 quiusaspicic
768 1643 856 1693 amaria
867 1647 985 1694 trarrslatn
995 1651 1031 1695 cst
1042 1647 1069 1694 in
1082 1645 1228 1710 laacfllr'trn

111 1712 200 1763 aream.
217 1705 259 1768 qai
276 1712 376 1768 master
391 1723 406 1755 a
422 1709 560 1756 Menedemo
571 1721 621 1756 ease
632 1706 762 1757 Bacchidis
771 1713 871 1759 namtas.
904 1709 957 1758 Cu.
976 1710 1040 1766 Quia
1051 1711 1105 1758 inde
1113 1708 1229 1773 sequitat,

125 1770 213 1819 atalia
226 1768 345 1832 pamiae?
378 1771 497 1827 SmQrda
508 1772 534 1820 r'd
545 1769 664 1821 emelim
672 1773 891 1835 esseaen'simr'lirrs,
900 1788 953 1823 cam
956 1775 1026 1840 filias
1042 1780 1097 1824 taes
1112 1773 1179 1824 dabit
1189 1772 1227 1822 tttr·

124 1834 245 1884 ‚Bacchidi
255 1839 380 1896 argentam
389 1837 439 1884 lrac.
474 1837 508 1885 Et
518 1836 589 1884 nimai
595 1835 694 1912 efficiam
704 1837 799 1886 minimo
810 1837 904 1899 segetia
915 1838 940 1886 id
950 1843 1010 1902 quad
1020 1839 1112 1902 incepi5
1129 1837 1230 1899 facilia·

125 1898 242 2023 my
258 1899 445 2022 Merrcedemgmy
462 1901 532 1950 certe
545 1900 707 1964 crtuptotpse
717 1902 844 1966 adserito
856 1903 972 1962 Clrremc5
983 1904 993 1951 i
1003 1905 1096 1954 damam
1106 1907 1225 1964 ctargcs·

123 1969 212 2028 sempr
237 1977 273 2013 er.
330 1976 361 2014 Η.
403 1978 489 2014 ruera.
1100 1979 1103 1985 ’

122 2237 227 2300 isjuia:
243 2236 356 2288 fortasse
373 2239 479 2295 metius,
498 2239 532 2288 ab
552 2255 644 2289 vocum
667 2240 808 2292 imminere.
836 2239 911 2290 Wcst.
945 2240 1011 2289 ‘list
1028 2241 1122 2290 malitis
1146 2241 1221 2292 Bem.

120 2316 231 2353 numero
243 2303 365 2352 meliore:
383 2317 441 2352 nam
458 2302 484 2352 in
504 2304 631 2354 trimetris
647 2319 698 2355 nan
715 2305 771 2354 fere
783 2305 897 2354 invenias
913 2304 1069 2354 tribrachum
1081 2307 1107 2354 ia
1118 2306 1224 2370 quintal

121 2367 167 2418 Fa.
200 2366 263 2417 ‘Sic
274 2375 302 2416 et
312 2381 402 2417 unrrse
415 2368 521 2431 Regiis.y
539 2369 612 2419 Beat.
625 2369 702 2419 Both.
715 2370 786 2433 legit,
796 2371 844 2418 Jas
853 2384 873 2417 a.
881 2384 900 2418 s.
912 2371 1109 2431 summmdicast,
1119 2372 1221 2421 malitia.

119 2432 174 2495 dist
180 2431 347 2499 malitiaullip.
359 2432 429 2481 Peri.
440 2433 471 2482 Z.
483 2433 644 2509 Delum—49
661 2433 746 2483 Abest
761 2431 883 2485 siGuelf.
895 2438 984 2482 3.-60
1002 2433 1091 2484 Rivius
1102 2433 1221 2488 defendit

120 2498 196 2561 pmii,
213 2495 387 2550 abactionem
400 2496 485 2558 metri,
498 2512 541 2561 qur
550 2505 639 2547 sextas
649 2512 725 2548 casus
737 2497 883 2548 esthlanta
893 2504 919 2547 et
935 2499 1065 2553 Lucretia.
1099 2499 1222 2564 Ineptum

123 2574 227 2611 versum
239 2559 307 2609 hauc
319 2559 382 2609 dicit
391 2559 459 2624 Guy.
471 2567 499 2610 et
510 2561 593 2610 minus
604 2562 735 2612 Latinum.
768 2563 799 2612 In
810 2563 875 2612 Mss.
887 2562 1055 2611 Leidensibus
1065 2561 1158 2624 tribas,
1174 2564 1220 2614 sed

121 2631 150 2675 ct
160 2625 207 2676 Tr·
218 2631 248 2674 et
259 2625 332 2687 Lips.
344 2623 407 2674 EM.
419 2633 469 2684 est,
485 2624 541 2675 bene
551 2631 604 2674 acta
615 2632 692 2689 parte.
725 2627 757 2675 ln
777 2626 942 2675 Leidensinm
962 2640 1024 2686 una,
1040 2629 1067 2674 in
1083 2628 1179 2676 mndata
1196 2635 1221 2677 et

120 2687 177 2740 buc
186 2693 330 2752 adaperta.
362 2689 398 2737 Et
409 2688 490 2739 edilia
502 2690 610 2740 lentina
623 2696 682 2752 post
694 2693 766 2740 1469.
778 2691 885 2739 exhibet
895 2689 925 2737 τὸ
935 2695 998 2749 amu,
1009 2703 1086 2738 sensu
1098 2692 1219 2754 obscura,

120 2754 165 2804 vel
182 2752 265 2804 anilo.
300 2752 444 2802 Palmarius
466 2752 523 2803 berre
543 2758 613 2803 ancta
632 2753 753 2817 legebam
771 2753 912 2818 laudatque
930 2755 977 2802 Vir
989 2753 1028 2805 Cl.
1039 2754 1220 2813 {PetrusBun

120 2832 233 2882 manuus
243 2814 278 2866 sd
293 2817 404 2867 Patron.
423 2833 482 2880 cap.
493 2822 535 2867 43.
569 2819 675 2867 Phrasis
688 2825 775 2867 antem
787 2818 896 2882 integra,
911 2818 994 2866 ‘Esse
1005 2818 1032 2866 in
1044 2818 1115 2866 lanta
1127 2820 1219 2882 praef

120 2887 294 2946 smpectaest
304 2881 432 2931 Boeclera.
459 2882 562 2945 Malim,
573 2883 594 2931 si
606 2897 653 2946 per
664 2881 746 2932 Cadd.
759 2883 853 2932 liceret
865 2898 871 2931 :
892 2883 977 2931 Omnes
986 2886 1010 2930 te
1020 2881 1118 2930 talanta·
1128 2887 1152 2932 et
1162 2883 1218 2933 leae

119 2944 189 3009 sacta
199 2961 227 2996 re
236 2949 331 3015 wast.
362 2945 451 2995 Possit
463 2951 550 2996 tamen
562 2953 590 2996 et
601 2963 661 2996 vera
672 2948 750 2997 lectio
764 2948 846 2996 rideri
859 2963 866 2995 :
885 2948 973 2995 Omnes
984 2950 1007 2995 tc
1016 2945 1042 2994 irs
1053 2947 1118 2995 lauta
1128 2951 1152 2994 et
1160 2946 1216 2997 berre

118 3010 418 3074 pertc'arratareprrtaat.
452 3011 518 3063 Quae
537 3012 687 3075 conjectura
706 3021 745 3062 est
763 3012 802 3062 Cl.
818 3012 887 3073 viri,
902 3009 1116 3061 Jacfflertzonir.
1146 3011 1218 3062 Weet.

119 3075 127 3102 ‘
138 3077 230 3126 Omnes
240 3074 308 3141 teis
318 3074 386 3123 laata
397 3075 486 3125 eticae
497 3080 551 3124 acta
560 3082 626 3139 parte
636 3077 732 3140 petam]
748 3077 789 3126 Sic
802 3075 876 3125 dedit
888 3076 934 3125 Fa.
946 3074 991 3124 sed
1002 3075 1035 3124 de
1047 3089 1123 3125 versu
1142 3083 1215 3126 recte

118 3138 302 3190 constituenda
314 3137 471 3203 desperavit.
505 3139 542 3190 At
559 3142 597 3189 vir
609 3141 726 3190 eruditus
745 3156 778 3190 ex
798 3155 865 3189 nore
885 3155 930 3190 sna
951 3139 1125 3188 Licentiarum
1147 3154 1217 3202 pean

118 3218 198 3253 carra
208 3201 381 3264 omuiajubet
392 3212 464 3253 recta
475 3217 548 3254 csse:
559 3205 627 3267 parti
638 3220 685 3269 pro
692 3210 764 3268 perte
776 3221 791 3254 a
802 3206 877 3254 Rivio
889 3205 983 3254 sumit:
1000 3210 1027 3253 et
1039 3203 1133 3254 deinde
1146 3211 1215 3254 aare

114 3266 205 3332 legens
238 3281 267 3330 ra
282 3265 447 3316 Fadraiacta.
480 3268 519 3316 Tu
529 3283 635 3332 repone,
654 3271 741 3320 Omnes
752 3269 890 3320 teialaeta
899 3274 980 3319 cesset
991 3268 1047 3318 berre
1057 3274 1127 3318 aecta
1137 3284 1162 3318 re
1173 3285 1215 3330 aa·

113 3328 176 3383 'teat
188 3377 192 3385 .
212 3282 338 3382 geterum
350 3343 383 3378 ex
394 3332 486 3382 nostris
498 3346 561 3382 nnus
573 3334 677 3397 Regius,
689 3335 758 3385 alter
774 3333 946 3384 Academicus
957 3339 1027 3389 sacta
1037 3349 1047 3391 ;
1063 3334 1144 3383 ceteri
1154 3338 1215 3382 aeta.

114 3396 194 3463 licat.
229 3393 448 3447 Emendatienem
467 3397 580 3446 Bentleii
600 3397 665 3462 legit
677 3405 705 3447 et
716 3397 834 3463 defendit
845 3399 905 3462 Bip.
937 3394 1017 3448 ‘Nais
1030 3396 1152 3447 mutanda
1164 3412 1213 3446 vox

115 3467 200 3511 ncta:
217 3474 278 3510 nem
289 3465 363 3517 recta
373 3467 401 3510 et
412 3461 504 3511 Latina
515 3467 576 3511 sunt
592 3462 696 3524 ‘augeri
710 3463 821 3526 opibus‚'
835 3462 944 3512 ‘auctus
967 3477 1005 3525 re,
1025 3460 1147 3522 fortune,’
1165 3464 1214 3509 &c

115 3520 214 3575 Verum
230 3537 287 3592 vox¹
301 3527 370 3588 parte
388 3527 480 3574 marito
497 3531 619 3588 suspecta
630 3527 742 3575 est.viris
754 3526 879 3576 eruditis!
896 3527 929 3576 li.
940 3528 974 3575 D.
1009 3524 1213 3575 Rescribeudnm

112 3587 296 3658 panetBollr.
331 3588 418 3638 Omnes
427 3589 615 3639 islantamide'a
626 3589 682 3638 bene
693 3597 763 3642 nacta
773 3607 799 3641 re
814 3594 906 3654 pateat.
939 3588 1142 3652 ‘Haucvsqni
1155 3593 1214 3637 tan·

116 3658 206 3719 tapete
219 3652 311 3719 variat,
323 3651 429 3712 retinui,
440 3661 469 3703 ut
480 3660 520 3702 est
531 3669 547 3703 a
559 3654 603 3702 Fa.
637 3654 690 3703 Pru
702 3661 781 3712 ancta,
792 3656 858 3719 qnod
870 3655 948 3714 vulga
959 3662 1009 3714 est,
1021 3651 1080 3701 hab.
1094 3649 1215 3714 alsacia,

116 3719 148 3777 al.
157 3720 234 3768 sacta
241 3733 252 3776 ,⁰
270 3730 317 3780 pro
326 3721 396 3779 parte
406 3717 465 3781 Bip.
476 3719 560 3803 μυρία.
572 3718 637 3767 GM.
648 3724 702 3766 neta
715 3725 791 3782 parte.
808 3721 885 3768 Bent.
901 3724 971 3768 aecta
987 3732 1021 3766 re.
1055 3714 1132 3764 Addo
1144 3715 1213 3779 quad

115 3783 174 3845 milri
186 3783 314 3848 placitum
325 3786 374 3841 est¹
391 3787 461 3845 parta
475 3797 509 3831 re.
551 3782 616 3831 Haec
636 3782 706 3831 Peri.
725 3784 768 3846 qui
780 3783 822 3834 ed.
832 3783 892 3844 Bip.
905 3783 1014 3845 primam
1032 3781 1148 3841 denotat,
1165 3779 1212 3828 sed

114 3844 271 3911 insecenda
282 3859 369 3909 neque
386 3846 482 3908 legitur
492 3846 566 3910 copia,
578 3861 662 3909 neque
679 3849 796 3897 meminit
814 3846 917 3911 quidem
929 3846 1021 3894 Editor
1039 3845 1065 3893 in
1078 3845 1156 3905 Nota,
1168 3843 1212 3893 abi

117 3911 197 3963 titane
215 3910 302 3961 varias
318 3909 443 3959 lectiones
460 3919 489 3960 et
505 3911 706 3972 emendationes,
724 3909 844 3972 ‘Nemm’
861 3910 953 3974 inquit,
971 3909 1094 3959 ‘taudem
1110 3906 1212 3957 felicius

117 3976 229 4026 correxit
245 3973 377 4035 uentrem,
389 3989 464 4038 quem
483 3974 695 4038 seqnirnur.'-52
713 3973 755 4026 Al.
776 3977 802 4025 ia
817 3989 869 4025 eum
879 3980 963 4023 s.—55
981 3972 1080 4024 Omnes
1098 3973 1157 4024 cdd.
1169 3987 1211 4038 ap.

115 4032 170 4107 ζων,
180 4042 216 4093 Et
226 4039 307 4091 aare.
317 4037 405 4107 Guels.
416 4043 440 4090 8.
448 4039 576 4106 perficiam.
