2678 4694
113 304 178 370 592
483 318 517 366 r.
539 316 719 365 runnnru
745 316 833 365 erni

117 463 242 527 Sicine
264 462 306 526 Di
321 461 491 541 amabunt,
508 469 544 526 ut
554 481 609 525 me
624 467 755 525 tuscum
765 459 947 524 miseritum
957 465 1021 537 est,

116 565 325 641 Menedemo,
339 564 549 628 fortunarum.
594 564 668 628 Mn.
692 563 813 629 Faciet
827 561 1041 646 quodlubet:
1166 558 1201 623 bb

115 668 244 742 Sumet,
260 672 445 742 consumat,
460 665 588 749 perdat,
604 666 771 731 decretum
787 664 828 728 ’st
841 664 926 748 pati,

117 767 209 831 Dum
223 768 315 831 illurn
331 768 432 831 modo
447 767 590 831 habeam
606 787 749 832 mecum.
793 765 863 831 Cn.
886 764 924 829 Si
939 770 1068 829 eertum
1085 760 1203 828 esttibi

117 871 175 935 Sic
188 869 309 945 tacere,
320 868 402 932 illud
419 868 589 951 permagni
602 868 719 932 referre
734 868 886 944 arbitror,

117 970 165 1036 Ut
176 991 216 1034 ne
229 971 389 1035 scientem
405 971 531 1033 sentiat
542 977 576 1033 te
588 969 623 1032 id
636 970 703 1033 sibi
714 969 803 1032 dare.

118 1072 192 1136 Mn.
216 1072 308 1151 Quid
323 1073 470 1136 tuciami
515 1069 583 1136 Cri.
607 1071 753 1149 Quidvis
774 1069 900 1152 potins,
922 1084 1025 1151 qnam
1047 1064 1139 1152 quod
1158 1086 1204 1132 oe

247 1174 356 1255 gitns:
1169 1168 1205 1231 du

119 1275 302 1340 Petalium
319 1273 472 1357 quemvis
487 1278 524 1338 ut
539 1270 618 1336 des:
642 1271 712 1335 salli
727 1276 760 1334 te
775 1271 868 1335 sinus

117 1376 263 1442 Technis
278 1394 338 1459 per
352 1374 538 1454 servulum
562 1374 622 1438 etsi
639 1374 794 1437 subsensi
805 1372 840 1435 id
854 1389 999 1455 quoque,

118 1479 205 1543 Illos
221 1479 268 1541 ibi
281 1497 368 1554 esse,
383 1484 417 1541 et
432 1478 467 1542 id
483 1497 580 1558 agere
594 1479 679 1541 inter
694 1495 731 1538 se
741 1474 940 1538 clanculum.

119 1581 221 1664 Syrus
238 1599 313 1644 curn
326 1580 384 1643 illo
402 1586 512 1642 vestro
527 1577 761 1642 coususurratl
784 1575 957 1639 conferunt

120 1680 272 1746 Consilia
286 1678 533 1744 adolescentes:
557 1683 592 1743 et
606 1677 668 1744 tibi
683 1676 819 1761 perdere
1170 1676 1206 1740 65

120 1879 207 1933 ornent,
227 1880 253 1922 nt
273 1879 367 1922 tuorum
387 1875 496 1923 bonorum
505 1874 607 1934 jnctnroe
626 1875 824 1924 commiseratione
844 1890 943 1924 moneor.
976 1876 1033 1926 Mn.
1053 1877 1138 1926 Foeiot
1180 1875 1185 1887 '

121 1952 186 1986 niens
194 1953 225 1986 ex
235 1940 308 1986 o‘rrimi
324 1939 360 1987 rui
371 1941 488 1987 sententio
494 1954 503 1995 ,·
517 1945 598 2002 sponte
609 1941 697 2002 cupiet,
707 1945 730 1988 et
741 1946 854 2000 qnantum
863 1942 924 1989 colet
934 1941 1070 2004 eninm,
1079 1944 1113 1991 nd
1165 1939 1170 1950 '

120 2003 215 2062 redigat
222 2018 233 2058 ,·
248 2002 340 2051 decrevi
348 2003 561 2064 toennensem,
572 2005 693 2053 dummodo
703 2004 754 2064 eins
761 2004 975 2067 presentiam.
1008 2006 1062 2054 Cn.
1079 2005 1111 2054 Si
1119 2005 1155 2053 its
1162 2018 1206 2052 ern·

119 2065 231 2115 stitutum
239 2072 273 2114 est
285 2066 328 2115 tibi
331 2066 423 2128 secere,
432 2083 511 2117 censeo
519 2070 545 2117 id
555 2070 653 2116 mnltmn
664 2069 695 2117 nd
704 2073 806 2117 cestram
814 2084 864 2118 rem
874 2068 994 2129 interm,
1002 2075 1029 2118 ut
1040 2071 1081 2118 ille
1091 2068 1207 2125 existeret,

121 2134 145 2178 te
156 2132 269 2180 nesciente
280 2132 316 2179 oet
325 2135 427 2195 decepto,
444 2138 536 2181 tuntum
551 2132 598 2181 sibi
614 2138 731 2181 sumtuum
748 2134 841 2182 concedi
851 2133 941 2194 secere.
973 2135 1032 2184 Mn.
1052 2135 1118 2189 Quid
1132 2135 1208 2194 egum

121 2194 174 2243 Cir.
192 2196 317 2251 Quodlibet
326 2198 400 2258 uliud,
409 2198 489 2259 potins
500 2212 569 2260 qucum
579 2198 605 2245 id
616 2199 676 2259 qnod
685 2197 829 2245 constituisti
835 2214 845 2255 ‚·
861 2198 950 2246 scilicet
959 2199 1020 2260 poti,
1029 2203 1057 2246 nt
1067 2202 1154 2256 umet,
1162 2210 1206 2244 oon·

118 2265 206 2317 curret,
216 2261 299 2319 perdat
311 2275 321 2316 ‚-
337 2266 372 2319 nt,
382 2263 442 2323 qnod
453 2261 489 2309 illi
498 2262 552 2310 clari
562 2261 608 2323 nis,
617 2263 658 2309 des
662 2276 706 2324 per
714 2261 838 2323 quemlibet
847 2262 929 2321 diem,
935 2261 1039 2324 potioris
1050 2268 1073 2310 te
1083 2259 1206 2321 delndissl·

120 2323 188 2370 luctis
195 2338 237 2386 per
248 2325 377 2372 omnnium.-
394 2325 499 2386 quemvis
514 2325 586 2374 etism
600 2325 677 2387 utiquo
691 2328 757 2373 modo
775 2327 876 2388 percepi,
889 2327 950 2380 illos,
968 2341 1050 2389 nempe
1059 2339 1145 2388 cernor,
1155 2326 1207 2372 ineo

120 2388 182 2433 totos
192 2401 250 2445 esse,
260 2391 285 2434 et
295 2388 373 2435 moliri
383 2388 547 2448 clomsruneles
556 2390 618 2438 inter
627 2403 661 2449 ee,
672 2395 699 2436 ιιι
714 2395 737 2437 te
749 2386 854 2449 sallent.¹
881 2389 957 2454 Sqrns
967 2406 1020 2439 cnm
1036 2390 1157 2438 Dromone
1165 2385 1207 2436 rel·

121 2450 193 2497 misse
203 2465 257 2499 nuce
267 2452 420 2514 couoqnitnr:
436 2453 489 2518 filii
500 2454 574 2502 nostri
589 2454 759 2502 commiserit
775 2453 874 2504 irenem
891 2454 995 2505 consiliu.
1027 2455 1119 2503 Melius
1129 2459 1162 2504 est
1171 2450 1208 2502 tiit¹

119 2733 194 2782 ritum
205 2739 248 2783 est.
281 2734 403 2792 Nonne,
421 2732 467 2782 sed
479 2732 609 2782 Sicestin
621 2747 645 2781 o.
657 2734 703 2783 l.s.
716 2737 743 2781 et
763 2739 822 2793 post
840 2738 876 2794 nt,
893 2730 997 2781 additur
1016 2747 1061 2781 me.
1079 2732 1127 2784 Fu.
1157 2733 1209 2782 ‘dic

120 2807 149 2846 et
160 2798 249 2844 nostri.
283 2797 351 2860 Grry.
363 2812 410 2860 pro
419 2797 530 2844 ornabunt
541 2797 645 2858 reponit
655 2798 787 2845 amoenet.-
804 2805 875 2844 recte
887 2797 1005 2859 quidem3
1023 2797 1046 2844 si
1058 2805 1104 2846 sut
1115 2798 1210 2847 codices

116 2860 252 2923 juberent,
269 2868 313 2909 urit
324 2861 467 2925 postularet
478 2874 570 2908 sermo.
601 2859 653 2907 Sed
666 2858 754 2907 Plaut.
765 2861 840 2908 Poerr.
852 2873 871 2907 ι.
882 2864 905 2908 e.
917 2864 957 2909 no.
972 2861 981 2886 ‘
993 2861 1034 2908 Its
1050 2875 1092 2909 rue
1105 2863 1139 2910 Di
1151 2875 1210 2912 stus·

121 2924 200 2974 bnntl
224 2933 252 2973 et
271 2939 312 2974 lv.
331 2930 357 2973 2.
375 2927 415 2974 47.
431 2924 585 2986 ‘Diespiter
603 2937 644 2970 me
664 2923 702 2970 sic
719 2924 832 2972 amabit!
848 2925 986 2974 Bene—nn
1007 2926 1074 2978 Quid
1093 2925 1210 2976 Grrelil.

119 2989 192 3037 Libet
202 2991 315 3037 tin-on
331 2989 374 3038 Sic
384 2988 467 3046 secere
478 2989 504 3035 id
511 2987 646 3048 pennogni.
678 2987 732 3035 Pro
743 2989 778 3048 id,
793 2989 853 3036 illud
864 2988 960 3050 legitur
970 2989 995 3035 in
1007 2990 1081 3036 Bem.
1103 2991 1164 3040 Bes.
1175 2989 1211 3039 Vt.

120 3054 247 3101 etmulris
258 3053 323 3111 aliis,
340 3060 367 3100 ut
378 3052 483 3099 etrntio
495 3065 582 3098 versus
600 3050 715 3113 requirit.
736 3052 780 3100 Fa.
813 3053 873 3101 ‘Sic
891 3059 918 3100 et
929 3052 1029 3101 nostri!
1047 3053 1123 3103 Bent.
1156 3054 1213 3104 utut

119 3117 154 3176 id,
162 3130 278 3177 pronum.
289 3115 349 3163 illud
359 3116 442 3163 relato
454 3113 486 3162 ed
497 3115 639 3177 superiore,
651 3114 739 3165 Grrelf.
747 3121 838 3165 2.—59
850 3117 892 3165 its
901 3116 980 3175 edidi,
990 3125 1096 3165 secretus
1107 3117 1212 3168 anctori-

121 3187 202 3227 tatem
215 3179 322 3242 Guyeti.
348 3179 398 3227 Sed
410 3186 438 3226 et
450 3180 486 3227 its
497 3187 539 3227 est
548 3180 572 3227 in
584 3180 631 3229 Tr.
659 3181 691 3228 In
702 3195 752 3227 uno
765 3179 840 3230 Leid.
851 3180 955 3242 iegitur,
971 3181 1006 3229 Ut
1015 3182 1212 3232 nescienter-ti.

119 3243 209 3292 ederi.
242 3243 337 3305 Vulgo,
357 3243 387 3291 U.
401 3244 546 3292 nescientem.
563 3244 644 3292 West.
678 3245 750 3292 ‘Pal
762 3245 831 3308 Gny.
850 3245 931 3293 Boecl.
951 3245 1000 3292 Vir
1016 3243 1129 3306 doctns;
1146 3252 1212 3295 recte

120 3321 219 3367 omnes,
239 3308 272 3356 Ut
290 3321 321 3355 ne
338 3309 458 3356 scientem.
492 3307 618 3355 Nimirum
638 3309 688 3367 rel,
704 3315 734 3356 ut
750 3309 797 3370 illi,
820 3311 979 3358 nescientem
1000 3311 1105 3366 sentintr
1122 3312 1172 3374 vel,
1186 3315 1212 3357 ut

120 3385 195 3434 reque
207 3372 281 3431 bene,
296 3372 435 3420 nescientem
441 3377 540 3420 censent.
573 3372 652 3420 Certe
662 3381 808 3435 utrumque,
824 3374 1001 3421 etnescientem
1011 3380 1039 3420 et
1047 3375 1137 3423 sentiet
1147 3384 1212 3424 stsre

121 3450 173 3483 nna
184 3435 227 3483 vix
238 3434 361 3498 possunt!
377 3436 450 3484 Beni.
483 3436 659 3497 ‘legendum
674 3437 704 3484 U.
714 3452 743 3485 ne
754 3438 864 3485 scientem
874 3436 904 3484 s.'
922 3439 952 3486 R.
963 3437 997 3485 D.
1034 3439 1069 3486 Ut
1078 3439 1213 3487 nescientem

120 3501 165 3550 Βι.
175 3500 235 3564 Bip.
248 3500 279 3548 Z.
312 3499 376 3548 Duri
388 3497 475 3547 Guelf.
486 3502 576 3547 8.-60
593 3500 647 3547 Hoc
657 3508 717 3548 onte
728 3503 797 3561 qnod.
814 3499 920 3548 Id.-63
937 3499 1045 3562 Aliquot
1064 3502 1129 3550 libb.
1151 3505 1213 3551 inter

121 3580 185 3629 qnos
205 3566 279 3614 Bem.
293 3563 353 3612 Bas.
365 3564 408 3612 Vi.
427 3563 481 3611 hrec
500 3563 596 3612 hebent
615 3564 671 3611 nine
689 3564 881 3626 conjunctione,
899 3563 968 3627 qnod
988 3572 1016 3612 et
1032 3566 1172 3627 elegantia
1188 3572 1213 3614 et

119 3629 205 3678 versui
217 3629 305 3678 servit.
323 3627 367 3676 Fu.
401 3628 504 3675 ‘Etiam
517 3628 635 3676 anostris
647 3627 721 3676 abest
731 3634 754 3676 et
762 3643 775 3693 ,ξ
789 3637 817 3676 et
829 3635 916 3676 tamen
928 3628 953 3675 in
966 3634 1039 3676 textu
1055 3629 1149 3679 Fuerni
1161 3630 1212 3680 sub·

120 3692 196 3742 sistit.
230 3694 286 3743 Nos
317 3699 406 3740 nostro
424 3691 486 3754 jure
503 3693 634 3740 exulatum
652 3689 796 3741 mittimus!
814 3692 887 3741 Bent.
921 3689 955 3740 Et
976 3690 1051 3741 abest
1069 3693 1117 3742 Br.
1140 3695 1212 3745 Botlt.

120 3757 290 3821 helpe-ot.
306 3761 337 3806 65
357 3757 453 3804 Omnes
468 3753 525 3804 tere
543 3754 642 3820 nutiqni
661 3757 719 3804 libri
739 3761 921 3804 consummant:
938 3755 1006 3818 quod
1020 3760 1216 3823 verosequitnr‚

120 3821 242 3879 conserunt
265 3821 372 3870 Consilio
391 3821 558 3881 adulescentes,
579 3821 606 3868 in
623 3822 696 3870 Bern.
716 3827 755 3869 est
776 3823 806 3869 nd
831 3821 1005 3868 adulescentes.-
1031 3829 1106 3872 utet
1129 3835 1212 3872 verens

121 3887 245 3946 exposcit.
278 3887 357 3934 Forte
374 3883 512 3946 legendnm
532 3892 581 3943 est,
598 3891 626 3933 nt
642 3885 751 3947 conjicit
769 3885 881 3945 Largius,
900 3884 1023 3951 Consilincl
1043 3887 1213 3936 adulescentes:

122 3955 151 3996 ot
168 3950 193 4006 d,
214 3950 393 4012 interponatur
410 3950 494 3997 hiatus
512 3948 609 3997 vitandi
632 3964 719 4010 causa,
739 3949 807 3996 sicut
822 3949 848 3996 in
861 3949 936 3997 ‘med
953 3947 1034 4012 erge!
1051 3950 1097 3998 Fu.
1131 3949 1213 4000 ‘Illud

121 4011 206 4072 Lolgii
218 4015 305 4061 nescio
315 4015 388 4076 cujus
401 4014 523 4062 Consiliod
535 4013 567 4062 ad
580 4013 736 4062 morboninm
748 4011 916 4074 relegandum
926 4020 974 4061 est.
1010 4014 1045 4061 Le
1066 4029 1081 4062 e
1097 4029 1131 4062 ex
1142 4016 1213 4066 uem.

121 4079 425 4138 eonsmncrcnt,coqsernnt
438 4078 543 4127 Consilia
553 4075 764 4127 udodnlescentes!
780 4077 858 4125 Bent.
892 4076 1044 4141 Lectionern
1081 4079 1212 4142 embipro-

121 4141 168 4191 bet
180 4139 317 4191 Ruhnken.
336 4149 363 4191 et
382 4142 445 4192 dant
462 4142 540 4193 notu.
557 4143 629 4192 Perl.
643 4142 703 4205 Bip.
720 4139 769 4190 nisi
780 4141 850 4207 quod
861 4141 937 4192 Botir.
949 4139 977 4189 rb
990 4140 1031 4190 itio
1041 4143 1211 4194 omittit-or
