<?xml version="1.0" encoding="UTF-8"?>
<!DOCTYPE html PUBLIC "-//W3C//DTD XHTML 1.0 Transitional//EN"
    "http://www.w3.org/TR/xhtml1/DTD/xhtml1-transitional.dtd">
<html xmlns="http://www.w3.org/1999/xhtml" xml:lang="en" lang="en">
 <head>
  <title>
</title>
<meta http-equiv="Content-Type" content="text/html;charset=utf-8" />
  <meta name='ocr-system' content='tesseract 3.04.00' />
  <meta name='ocr-capabilities' content='ocr_page ocr_carea ocr_par ocr_line ocrx_word'/>
</head>
<body>
  <div class='ocr_page' id='page_1' title='image "./comoedisex01westgoog_0220.png"; bbox 0 0 2678 4694; ppageno 0'>
   <div class='ocr_carea' id='block_1_1' title="bbox 385 293 1218 359">
    <p class='ocr_par' dir='ltr' id='par_1_1' title="bbox 385 293 1218 359">
     <span class='ocr_line' id='line_1_1' title="bbox 385 293 1218 359; baseline 0.008 -8"><span class='ocrx_word' id='word_1_1' title='bbox 385 302 648 352; x_wconf 78' lang='lat' dir='ltr'><strong>enacrnonuu</strong></span> <span class='ocrx_word' id='word_1_2' title='bbox 674 306 755 355; x_wconf 74' lang='lat' dir='ltr'><strong>scr.</strong></span> <span class='ocrx_word' id='word_1_3' title='bbox 772 302 830 354; x_wconf 77' lang='grc' dir='ltr'><strong>ιιι.</strong></span> <span class='ocrx_word' id='word_1_4' title='bbox 853 308 907 356; x_wconf 88' lang='lat' dir='ltr'><strong>sc.</strong></span> <span class='ocrx_word' id='word_1_5' title='bbox 925 307 970 356; x_wconf 87' lang='lat' dir='ltr'><strong>rr.</strong></span> <span class='ocrx_word' id='word_1_6' title='bbox 1153 293 1218 359; x_wconf 87' lang='grc'><strong>711</strong></span> 
     </span>
    </p>
   </div>
   <div class='ocr_carea' id='block_1_2' title="bbox 75 445 1221 2056">
    <p class='ocr_par' dir='ltr' id='par_1_2' title="bbox 75 445 1221 2056">
     <span class='ocr_line' id='line_1_2' title="bbox 118 445 1221 531; baseline 0.003 -20"><span class='ocrx_word' id='word_1_7' title='bbox 118 446 191 512; x_wconf 87' lang='lat' dir='ltr'><strong>Cui</strong></span> <span class='ocrx_word' id='word_1_8' title='bbox 207 446 337 511; x_wconf 85' lang='lat' dir='ltr'><strong>miserae</strong></span> <span class='ocrx_word' id='word_1_9' title='bbox 353 445 486 530; x_wconf 84' lang='lat' dir='ltr'><strong>indigne</strong></span> <span class='ocrx_word' id='word_1_10' title='bbox 500 468 561 531; x_wconf 91' lang='lat' dir='ltr'><strong>per</strong></span> <span class='ocrx_word' id='word_1_11' title='bbox 575 450 640 513; x_wconf 86' lang='lat' dir='ltr'><strong>vim</strong></span> <span class='ocrx_word' id='word_1_12' title='bbox 656 451 775 514; x_wconf 83' lang='lat' dir='ltr'><strong>vitium</strong></span> <span class='ocrx_word' id='word_1_13' title='bbox 790 452 963 518; x_wconf 86' lang='lat' dir='ltr'><strong>obtulerat.</strong></span> <span class='ocrx_word' id='word_1_14' title='bbox 1000 450 1059 515; x_wconf 87' lang='lat' dir='ltr'><strong>So.</strong></span> <span class='ocrx_word' id='word_1_15' title='bbox 1076 448 1157 514; x_wconf 90' lang='lat' dir='ltr'><strong>Non</strong></span> <span class='ocrx_word' id='word_1_16' title='bbox 1171 451 1221 514; x_wconf 88' lang='lat' dir='ltr'><strong>in-</strong></span> 
     </span>
     <span class='ocr_line' id='line_1_3' title="bbox 256 548 1220 631; baseline 0.007 -20"><span class='ocrx_word' id='word_1_17' title='bbox 256 548 368 631; x_wconf 86' lang='lat' dir='ltr'><strong>telligo</strong></span> <span class='ocrx_word' id='word_1_18' title='bbox 1176 553 1220 618; x_wconf 82' lang='lat'><strong>10</strong></span> 
     </span>
     <span class='ocr_line' id='line_1_4' title="bbox 119 648 1221 736; baseline 0.002 -22"><span class='ocrx_word' id='word_1_19' title='bbox 119 649 228 726; x_wconf 85' lang='lat' dir='ltr'><strong>Satis,</strong></span> <span class='ocrx_word' id='word_1_20' title='bbox 244 669 319 733; x_wconf 86' lang='lat' dir='ltr'><strong>quse</strong></span> <span class='ocrx_word' id='word_1_21' title='bbox 335 651 503 733; x_wconf 82' lang='lat' dir='ltr'><strong>loquetur.</strong></span> <span class='ocrx_word' id='word_1_22' title='bbox 548 648 644 716; x_wconf 70' lang='lat' dir='ltr'><strong>Cau.</strong></span> <span class='ocrx_word' id='word_1_23' title='bbox 666 652 819 736; x_wconf 84' lang='lat' dir='ltr'>Propius,</span> <span class='ocrx_word' id='word_1_24' title='bbox 834 655 985 732; x_wconf 83' lang='lat' dir='ltr'><strong>obsecro,</strong></span> <span class='ocrx_word' id='word_1_25' title='bbox 1007 652 1221 731; x_wconf 83' lang='lat' dir='ltr'><strong>accedamus,</strong></span> 
     </span>
     <span class='ocr_line' id='line_1_5' title="bbox 255 748 627 838; baseline 0.008 -20"><span class='ocrx_word' id='word_1_26' title='bbox 255 754 417 838; x_wconf 62' lang='lat' dir='ltr'><strong>Sostrata</strong></span> <span class='ocrx_word' id='word_1_27' title='bbox 461 751 530 817; x_wconf 75' lang='lat' dir='ltr'><strong>GE.</strong></span> <span class='ocrx_word' id='word_1_28' title='bbox 552 748 627 821; x_wconf 84' lang='lat' dir='ltr'><strong>Ah!</strong></span> 
     </span>
     <span class='ocr_line' id='line_1_6' title="bbox 124 853 1219 941; baseline 0.004 -25"><span class='ocrx_word' id='word_1_29' title='bbox 124 853 186 917; x_wconf 85' lang='lat' dir='ltr'><strong>Me</strong></span> <span class='ocrx_word' id='word_1_30' title='bbox 201 856 377 922; x_wconf 89' lang='lat' dir='ltr'><strong>miserum!</strong></span> <span class='ocrx_word' id='word_1_31' title='bbox 401 862 458 923; x_wconf 88' lang='lat' dir='ltr'><strong>vix</strong></span> <span class='ocrx_word' id='word_1_32' title='bbox 474 879 548 922; x_wconf 90' lang='lat' dir='ltr'><strong>snm</strong></span> <span class='ocrx_word' id='word_1_33' title='bbox 564 876 703 941; x_wconf 87' lang='lat' dir='ltr'><strong>compos</strong></span> <span class='ocrx_word' id='word_1_34' title='bbox 717 859 841 924; x_wconf 87' lang='lat' dir='ltr'><strong>animi:</strong></span> <span class='ocrx_word' id='word_1_35' title='bbox 855 858 902 923; x_wconf 87' lang='lat' dir='ltr'><strong>ita</strong></span> <span class='ocrx_word' id='word_1_36' title='bbox 915 859 1019 923; x_wconf 86' lang='lat' dir='ltr'><strong>ardeo</strong></span> <span class='ocrx_word' id='word_1_37' title='bbox 1033 857 1219 927; x_wconf 73' lang='lat' dir='ltr'><strong>iracundia.</strong></span> 
     </span>
     <span class='ocr_line' id='line_1_7' title="bbox 125 956 1219 1045; baseline 0.006 -26"><span class='ocrx_word' id='word_1_38' title='bbox 125 956 221 1021; x_wconf 91' lang='lat' dir='ltr'><strong>Nihil</strong></span> <span class='ocrx_word' id='word_1_39' title='bbox 236 961 395 1042; x_wconf 88' lang='lat' dir='ltr'><strong>estquod</strong></span> <span class='ocrx_word' id='word_1_40' title='bbox 409 963 532 1040; x_wconf 83' lang='lat' dir='ltr'><strong>malim,</strong></span> <span class='ocrx_word' id='word_1_41' title='bbox 547 980 647 1045; x_wconf 86' lang='lat' dir='ltr'><strong>quom</strong></span> <span class='ocrx_word' id='word_1_42' title='bbox 663 960 756 1024; x_wconf 83' lang='lat' dir='ltr'><strong>illem</strong></span> <span class='ocrx_word' id='word_1_43' title='bbox 770 967 876 1027; x_wconf 88' lang='lat' dir='ltr'><strong>lotam</strong></span> <span class='ocrx_word' id='word_1_44' title='bbox 889 961 1052 1026; x_wconf 86' lang='lat' dir='ltr'><strong>familiam</strong></span> <span class='ocrx_word' id='word_1_45' title='bbox 1066 961 1146 1024; x_wconf 92' lang='lat' dir='ltr'><strong>mihi</strong></span> <span class='ocrx_word' id='word_1_46' title='bbox 1162 960 1219 1027; x_wconf 64' lang='lat' dir='ltr'><strong>du</strong></span> 
     </span>
     <span class='ocr_line' id='line_1_8' title="bbox 254 1064 442 1140; baseline -0.011 -14"><span class='ocrx_word' id='word_1_47' title='bbox 254 1065 281 1126; x_wconf 86' lang='lat' dir='ltr'><strong>ri</strong></span> <span class='ocrx_word' id='word_1_48' title='bbox 295 1064 442 1140; x_wconf 88' lang='lat' dir='ltr'><strong>obviam,</strong></span> 
     </span>
     <span class='ocr_line' id='line_1_9' title="bbox 124 1164 1220 1248; baseline -0.001 -18"><span class='ocrx_word' id='word_1_49' title='bbox 124 1165 173 1230; x_wconf 89' lang='lat' dir='ltr'><strong>Ut</strong></span> <span class='ocrx_word' id='word_1_50' title='bbox 195 1184 258 1248; x_wconf 76' lang='lat' dir='ltr'><strong>epo</strong></span> <span class='ocrx_word' id='word_1_51' title='bbox 283 1167 366 1230; x_wconf 87' lang='lat' dir='ltr'><strong>iram</strong></span> <span class='ocrx_word' id='word_1_52' title='bbox 389 1164 476 1228; x_wconf 86' lang='lat' dir='ltr'><strong>hauc</strong></span> <span class='ocrx_word' id='word_1_53' title='bbox 499 1164 535 1227; x_wconf 92' lang='lat' dir='ltr'><strong>in</strong></span> <span class='ocrx_word' id='word_1_54' title='bbox 557 1184 617 1228; x_wconf 88' lang='lat' dir='ltr'><strong>eos</strong></span> <span class='ocrx_word' id='word_1_55' title='bbox 639 1184 790 1231; x_wconf 80' lang='lat' dir='ltr'><strong>evomam</strong></span> <span class='ocrx_word' id='word_1_56' title='bbox 804 1165 1037 1244; x_wconf 87' lang='lat' dir='ltr'><strong>omnem,dum</strong></span> <span class='ocrx_word' id='word_1_57' title='bbox 1059 1165 1220 1248; x_wconf 75' lang='lat' dir='ltr'><strong>aegritudo</strong></span> 
     </span>
     <span class='ocr_line' id='line_1_10' title="bbox 253 1261 1073 1333; baseline 0.005 -4"><span class='ocrx_word' id='word_1_58' title='bbox 253 1261 538 1330; x_wconf 78' lang='lat' dir='ltr'><strong>haecestiecens:</strong></span> <span class='ocrx_word' id='word_1_59' title='bbox 1070 1325 1073 1333; x_wconf 75' lang='grc'>,</span> 
     </span>
     <span class='ocr_line' id='line_1_11' title="bbox 122 1366 1174 1452; baseline 0.002 -20"><span class='ocrx_word' id='word_1_60' title='bbox 122 1368 216 1432; x_wconf 86' lang='lat' dir='ltr'><strong>Salis</strong></span> <span class='ocrx_word' id='word_1_61' title='bbox 232 1367 310 1431; x_wconf 92' lang='lat' dir='ltr'><strong>mihi</strong></span> <span class='ocrx_word' id='word_1_62' title='bbox 325 1367 360 1430; x_wconf 92' lang='lat' dir='ltr'><strong>id</strong></span> <span class='ocrx_word' id='word_1_63' title='bbox 373 1366 514 1431; x_wconf 86' lang='lat' dir='ltr'><strong>habeam</strong></span> <span class='ocrx_word' id='word_1_64' title='bbox 527 1368 700 1452; x_wconf 89' lang='lat' dir='ltr'><strong>supplicii,</strong></span> <span class='ocrx_word' id='word_1_65' title='bbox 715 1370 792 1434; x_wconf 91' lang='lat' dir='ltr'><strong>dum</strong></span> <span class='ocrx_word' id='word_1_66' title='bbox 808 1370 885 1435; x_wconf 90' lang='lat' dir='ltr'><strong>illos</strong></span> <span class='ocrx_word' id='word_1_67' title='bbox 899 1369 1047 1435; x_wconf 87' lang='lat' dir='ltr'><strong>ulciscar</strong></span> <span class='ocrx_word' id='word_1_68' title='bbox 1061 1369 1174 1434; x_wconf 89' lang='lat' dir='ltr'><strong>modo.</strong></span> 
     </span>
     <span class='ocr_line' id='line_1_12' title="bbox 122 1460 1220 1554; baseline 0.004 -21"><span class='ocrx_word' id='word_1_69' title='bbox 122 1470 205 1533; x_wconf 88' lang='lat' dir='ltr'><strong>Seni</strong></span> <span class='ocrx_word' id='word_1_70' title='bbox 221 1460 365 1532; x_wconf 85' lang='lat' dir='ltr'><strong>animam</strong></span> <span class='ocrx_word' id='word_1_71' title='bbox 379 1470 519 1553; x_wconf 89' lang='lat' dir='ltr'><strong>primum</strong></span> <span class='ocrx_word' id='word_1_72' title='bbox 534 1471 760 1551; x_wconf 74' lang='lat' dir='ltr'>extinguerem</span> <span class='ocrx_word' id='word_1_73' title='bbox 783 1472 862 1554; x_wconf 90' lang='lat' dir='ltr'><strong>ipsi,</strong></span> <span class='ocrx_word' id='word_1_74' title='bbox 878 1471 935 1552; x_wconf 92' lang='lat' dir='ltr'><strong>qui</strong></span> <span class='ocrx_word' id='word_1_75' title='bbox 958 1468 1042 1533; x_wconf 94' lang='lat' dir='ltr'><strong>illud</strong></span> <span class='ocrx_word' id='word_1_76' title='bbox 1058 1470 1220 1552; x_wconf 82' lang='lat' dir='ltr'><strong>produxit</strong></span> 
     </span>
     <span class='ocr_line' id='line_1_13' title="bbox 147 1572 1220 1653; baseline 0.004 -19"><span class='ocrx_word' id='word_1_77' title='bbox 147 1647 150 1653; x_wconf 14' lang='lat' dir='ltr'><em>A</em></span> <span class='ocrx_word' id='word_1_78' title='bbox 254 1572 384 1636; x_wconf 90' lang='lat' dir='ltr'><strong>scelus:</strong></span> <span class='ocrx_word' id='word_1_79' title='bbox 1176 1572 1220 1639; x_wconf 88' lang='lat' dir='ltr'><strong>ltl</strong></span> 
     </span>
     <span class='ocr_line' id='line_1_14' title="bbox 121 1672 1218 1758; baseline 0.004 -23"><span class='ocrx_word' id='word_1_80' title='bbox 121 1672 212 1736; x_wconf 87' lang='lat' dir='ltr'><strong>Tum</strong></span> <span class='ocrx_word' id='word_1_81' title='bbox 227 1678 337 1736; x_wconf 89' lang='lat' dir='ltr'><strong>aulem</strong></span> <span class='ocrx_word' id='word_1_82' title='bbox 353 1673 474 1754; x_wconf 88' lang='lat' dir='ltr'><strong>Symm</strong></span> <span class='ocrx_word' id='word_1_83' title='bbox 498 1674 723 1758; x_wconf 72' lang='lat' dir='ltr'>impulsorem,</span> <span class='ocrx_word' id='word_1_84' title='bbox 748 1673 823 1751; x_wconf 83' lang='lat' dir='ltr'><strong>vah,</strong></span> <span class='ocrx_word' id='word_1_85' title='bbox 844 1673 968 1756; x_wconf 91' lang='lat' dir='ltr'><strong>quibus</strong></span> <span class='ocrx_word' id='word_1_86' title='bbox 984 1675 1076 1739; x_wconf 94' lang='lat' dir='ltr'><strong>illum</strong></span> <span class='ocrx_word' id='word_1_87' title='bbox 1089 1675 1218 1739; x_wconf 86' lang='lat' dir='ltr'><strong>lacera·</strong></span> 
     </span>
     <span class='ocr_line' id='line_1_15' title="bbox 75 1774 466 1839; baseline 0.01 -4"><span class='ocrx_word' id='word_1_88' title='bbox 75 1774 78 1779; x_wconf 82' lang='lat'>&#39;</span> <span class='ocrx_word' id='word_1_89' title='bbox 252 1794 323 1837; x_wconf 88' lang='lat' dir='ltr'><strong>rem</strong></span> <span class='ocrx_word' id='word_1_90' title='bbox 337 1775 466 1839; x_wconf 89' lang='lat' dir='ltr'><strong>modis!</strong></span> 
     </span>
     <span class='ocr_line' id='line_1_16' title="bbox 120 1874 1216 1960; baseline 0.004 -22"><span class='ocrx_word' id='word_1_91' title='bbox 120 1874 306 1940; x_wconf 81' lang='lat' dir='ltr'><strong>Sublimem</strong></span> <span class='ocrx_word' id='word_1_92' title='bbox 322 1878 465 1940; x_wconf 87' lang='lat' dir='ltr'><strong>medium</strong></span> <span class='ocrx_word' id='word_1_93' title='bbox 488 1877 677 1959; x_wconf 81' lang='lat' dir='ltr'><strong>arriperem,</strong></span> <span class='ocrx_word' id='word_1_94' title='bbox 694 1885 729 1940; x_wconf 89' lang='lat' dir='ltr'><strong>ct</strong></span> <span class='ocrx_word' id='word_1_95' title='bbox 755 1877 867 1960; x_wconf 88' lang='lat' dir='ltr'><strong>capite</strong></span> <span class='ocrx_word' id='word_1_96' title='bbox 883 1877 1026 1959; x_wconf 88' lang='lat' dir='ltr'><strong>primum</strong></span> <span class='ocrx_word' id='word_1_97' title='bbox 1040 1877 1077 1940; x_wconf 93' lang='lat' dir='ltr'><strong>iu</strong></span> <span class='ocrx_word' id='word_1_98' title='bbox 1098 1884 1216 1951; x_wconf 79' lang='lat' dir='ltr'><strong>terram</strong></span> 
     </span>
     <span class='ocr_line' id='line_1_17' title="bbox 251 1985 444 2056; baseline -0.01 -14"><span class='ocrx_word' id='word_1_99' title='bbox 251 1985 444 2056; x_wconf 72' lang='lat' dir='ltr'><strong>statuerem,</strong></span> 
     </span>
    </p>
   </div>
   <div class='ocr_carea' id='block_1_3' title="bbox 113 2148 1226 2726">
    <p class='ocr_par' dir='ltr' id='par_1_3' title="bbox 113 2148 1226 2726">
     <span class='ocr_line' id='line_1_18' title="bbox 113 2148 1216 2214; baseline 0 -15"><span class='ocrx_word' id='word_1_100' title='bbox 113 2155 136 2199; x_wconf 78' lang='lat' dir='ltr'><strong>&#39;e</strong></span> <span class='ocrx_word' id='word_1_101' title='bbox 155 2149 266 2214; x_wconf 75' lang='lat' dir='ltr'><strong>perfidie,</strong></span> <span class='ocrx_word' id='word_1_102' title='bbox 277 2164 347 2212; x_wconf 81' lang='lat' dir='ltr'><strong>neque</strong></span> <span class='ocrx_word' id='word_1_103' title='bbox 356 2152 433 2212; x_wconf 79' lang='lat' dir='ltr'><strong>quedl</strong></span> <span class='ocrx_word' id='word_1_104' title='bbox 521 2150 629 2213; x_wconf 76' lang='lat' dir='ltr'><strong>pariendi</strong></span> <span class='ocrx_word' id='word_1_105' title='bbox 637 2149 771 2198; x_wconf 75' lang='lat' dir='ltr'><strong>imminebat</strong></span> <span class='ocrx_word' id='word_1_106' title='bbox 780 2148 914 2212; x_wconf 74' lang='lat' dir='ltr'><strong>proximum</strong></span> <span class='ocrx_word' id='word_1_107' title='bbox 921 2149 1021 2210; x_wconf 81' lang='lat' dir='ltr'><strong>uirgini,</strong></span> <span class='ocrx_word' id='word_1_108' title='bbox 1030 2151 1216 2212; x_wconf 51' lang='lat' dir='ltr'><strong>quorumdam.</strong></span> 
     </span>
     <span class='ocr_line' id='line_1_19' title="bbox 117 2213 1216 2276; baseline 0.005 -15"><span class='ocrx_word' id='word_1_109' title='bbox 117 2215 167 2262; x_wconf 87' lang='lat' dir='ltr'><strong>So.</strong></span> <span class='ocrx_word' id='word_1_110' title='bbox 188 2217 240 2262; x_wconf 80' lang='lat' dir='ltr'><strong>Non</strong></span> <span class='ocrx_word' id='word_1_111' title='bbox 252 2215 312 2261; x_wconf 84' lang='lat' dir='ltr'><strong>setis</strong></span> <span class='ocrx_word' id='word_1_112' title='bbox 322 2217 389 2276; x_wconf 86' lang='lat' dir='ltr'><strong>copie</strong></span> <span class='ocrx_word' id='word_1_113' title='bbox 398 2230 449 2276; x_wconf 79' lang='lat' dir='ltr'><strong>quc</strong></span> <span class='ocrx_word' id='word_1_114' title='bbox 486 2220 524 2263; x_wconf 89' lang='lat' dir='ltr'><strong>etc</strong></span> <span class='ocrx_word' id='word_1_115' title='bbox 534 2216 601 2263; x_wconf 84' lang='lat' dir='ltr'><strong>dicit.</strong></span> <span class='ocrx_word' id='word_1_116' title='bbox 635 2215 686 2262; x_wconf 82' lang='lat' dir='ltr'><strong>Cu.</strong></span> <span class='ocrx_word' id='word_1_117' title='bbox 704 2213 921 2276; x_wconf 79' lang='lat' dir='ltr'><strong>Appropinquemus</strong></span> <span class='ocrx_word' id='word_1_118' title='bbox 931 2217 1018 2274; x_wconf 73' lang='lat' dir='ltr'><strong>mugit,</strong></span> <span class='ocrx_word' id='word_1_119' title='bbox 1028 2230 1067 2262; x_wconf 86' lang='lat' dir='ltr'><strong>em</strong></span> <span class='ocrx_word' id='word_1_120' title='bbox 1078 2221 1110 2275; x_wconf 88' lang='lat' dir='ltr'><strong>te,</strong></span> <span class='ocrx_word' id='word_1_121' title='bbox 1121 2214 1216 2266; x_wconf 75' lang='lat' dir='ltr'><strong>Scutta-</strong></span> 
     </span>
     <span class='ocr_line' id='line_1_20' title="bbox 119 2277 1217 2342; baseline 0.005 -17"><span class='ocrx_word' id='word_1_122' title='bbox 119 2283 155 2326; x_wconf 84' lang='lat' dir='ltr'><strong>ta.</strong></span> <span class='ocrx_word' id='word_1_123' title='bbox 190 2278 241 2327; x_wconf 85' lang='lat' dir='ltr'><strong>Ge.</strong></span> <span class='ocrx_word' id='word_1_124' title='bbox 253 2278 294 2326; x_wconf 77' lang='lat' dir='ltr'><strong>An</strong></span> <span class='ocrx_word' id='word_1_125' title='bbox 302 2293 338 2326; x_wconf 86' lang='lat' dir='ltr'><strong>me</strong></span> <span class='ocrx_word' id='word_1_126' title='bbox 350 2277 485 2336; x_wconf 75' lang='lat' dir='ltr'><strong>infelicem!</strong></span> <span class='ocrx_word' id='word_1_127' title='bbox 501 2279 544 2326; x_wconf 80' lang='lat' dir='ltr'><strong>rix</strong></span> <span class='ocrx_word' id='word_1_128' title='bbox 551 2293 602 2326; x_wconf 88' lang='lat' dir='ltr'><strong>sum</strong></span> <span class='ocrx_word' id='word_1_129' title='bbox 611 2283 693 2341; x_wconf 84' lang='lat' dir='ltr'><strong>puteus</strong></span> <span class='ocrx_word' id='word_1_130' title='bbox 708 2278 791 2336; x_wconf 83' lang='lat' dir='ltr'><strong>enimi,</strong></span> <span class='ocrx_word' id='word_1_131' title='bbox 802 2278 838 2326; x_wconf 85' lang='lat' dir='ltr'><strong>itu</strong></span> <span class='ocrx_word' id='word_1_132' title='bbox 852 2278 974 2326; x_wconf 80' lang='lat' dir='ltr'><strong>iracundia</strong></span> <span class='ocrx_word' id='word_1_133' title='bbox 984 2278 1144 2342; x_wconf 78' lang='lat' dir='ltr'><strong>inflammatus</strong></span> <span class='ocrx_word' id='word_1_134' title='bbox 1157 2294 1217 2331; x_wconf 70' lang='lat' dir='ltr'><strong>utta.</strong></span> 
     </span>
     <span class='ocr_line' id='line_1_21' title="bbox 120 2341 1218 2407; baseline 0.004 -17"><span class='ocrx_word' id='word_1_135' title='bbox 120 2341 195 2390; x_wconf 78' lang='lat' dir='ltr'><strong>Ntttt</strong></span> <span class='ocrx_word' id='word_1_136' title='bbox 206 2348 239 2390; x_wconf 87' lang='lat' dir='ltr'><strong>est</strong></span> <span class='ocrx_word' id='word_1_137' title='bbox 252 2345 312 2404; x_wconf 79' lang='lat' dir='ltr'><strong>quod</strong></span> <span class='ocrx_word' id='word_1_138' title='bbox 319 2341 397 2402; x_wconf 75' lang='lat' dir='ltr'><strong>magis</strong></span> <span class='ocrx_word' id='word_1_139' title='bbox 407 2348 482 2405; x_wconf 85' lang='lat' dir='ltr'><strong>optem</strong></span> <span class='ocrx_word' id='word_1_140' title='bbox 491 2358 560 2405; x_wconf 79' lang='lat' dir='ltr'><strong>quom</strong></span> <span class='ocrx_word' id='word_1_141' title='bbox 569 2357 649 2390; x_wconf 82' lang='lat' dir='ltr'><strong>omnes</strong></span> <span class='ocrx_word' id='word_1_142' title='bbox 658 2356 688 2390; x_wconf 77' lang='lat' dir='ltr'><strong>ee</strong></span> <span class='ocrx_word' id='word_1_143' title='bbox 698 2341 745 2390; x_wconf 85' lang='lat' dir='ltr'><strong>istu</strong></span> <span class='ocrx_word' id='word_1_144' title='bbox 757 2341 970 2401; x_wconf 83' lang='lat' dir='ltr'><strong>Mitiouissomr&#39;lin</strong></span> <span class='ocrx_word' id='word_1_145' title='bbox 979 2343 1037 2391; x_wconf 85' lang='lat' dir='ltr'><strong>mibi</strong></span> <span class='ocrx_word' id='word_1_146' title='bbox 1046 2343 1123 2391; x_wconf 83' lang='lat' dir='ltr'><strong>obuiae</strong></span> <span class='ocrx_word' id='word_1_147' title='bbox 1132 2344 1218 2407; x_wconf 78' lang='lat' dir='ltr'><strong>offerri</strong></span> 
     </span>
     <span class='ocr_line' id='line_1_22' title="bbox 118 2406 1217 2472; baseline 0.004 -18"><span class='ocrx_word' id='word_1_148' title='bbox 118 2411 147 2454; x_wconf 78' lang='lat' dir='ltr'><strong>ul</strong></span> <span class='ocrx_word' id='word_1_149' title='bbox 155 2407 217 2454; x_wconf 69' lang='lat' dir='ltr'><strong>uum</strong></span> <span class='ocrx_word' id='word_1_150' title='bbox 227 2408 287 2454; x_wconf 74' lang='lat' dir='ltr'><strong>lmac</strong></span> <span class='ocrx_word' id='word_1_151' title='bbox 298 2406 419 2454; x_wconf 69' lang='lat' dir='ltr'><strong>ermemiri</strong></span> <span class='ocrx_word' id='word_1_152' title='bbox 431 2422 469 2454; x_wconf 84' lang='lat' dir='ltr'><strong>ecs</strong></span> <span class='ocrx_word' id='word_1_153' title='bbox 480 2421 582 2468; x_wconf 79' lang='lat' dir='ltr'><strong>egeram,</strong></span> <span class='ocrx_word' id='word_1_154' title='bbox 592 2409 646 2455; x_wconf 86' lang='lat' dir='ltr'><strong>dum</strong></span> <span class='ocrx_word' id='word_1_155' title='bbox 657 2407 695 2454; x_wconf 87' lang='lat' dir='ltr'><strong>lu&#39;c</strong></span> <span class='ocrx_word' id='word_1_156' title='bbox 704 2406 771 2455; x_wconf 82' lang='lat' dir='ltr'><strong>dulor</strong></span> <span class='ocrx_word' id='word_1_157' title='bbox 781 2419 845 2455; x_wconf 80' lang='lat' dir='ltr'><strong>metes</strong></span> <span class='ocrx_word' id='word_1_158' title='bbox 855 2418 928 2455; x_wconf 80' lang='lat' dir='ltr'><strong>nouus</strong></span> <span class='ocrx_word' id='word_1_159' title='bbox 938 2412 982 2456; x_wconf 87' lang='lat' dir='ltr'><strong>est.</strong></span> <span class='ocrx_word' id='word_1_160' title='bbox 1015 2408 1090 2456; x_wconf 82' lang='lat' dir='ltr'><strong>Poeue</strong></span> <span class='ocrx_word' id='word_1_161' title='bbox 1099 2407 1217 2472; x_wconf 73' lang='lat' dir='ltr'><strong>sufficient</strong></span> 
     </span>
     <span class='ocr_line' id='line_1_23' title="bbox 117 2471 1216 2534; baseline 0.005 -17"><span class='ocrx_word' id='word_1_162' title='bbox 117 2471 179 2517; x_wconf 79' lang='lat' dir='ltr'><strong>milri</strong></span> <span class='ocrx_word' id='word_1_163' title='bbox 183 2471 273 2530; x_wconf 80' lang='lat' dir='ltr'><strong>suerit,</strong></span> <span class='ocrx_word' id='word_1_164' title='bbox 283 2472 338 2518; x_wconf 89' lang='lat' dir='ltr'><strong>dum</strong></span> <span class='ocrx_word' id='word_1_165' title='bbox 347 2474 413 2518; x_wconf 86' lang='lat' dir='ltr'><strong>mode</strong></span> <span class='ocrx_word' id='word_1_166' title='bbox 425 2485 484 2519; x_wconf 81' lang='lat' dir='ltr'><strong>nuuc</strong></span> <span class='ocrx_word' id='word_1_167' title='bbox 495 2471 605 2519; x_wconf 72' lang='lat' dir='ltr'><strong>tuitionem</strong></span> <span class='ocrx_word' id='word_1_168' title='bbox 616 2473 645 2520; x_wconf 90' lang='lat' dir='ltr'><strong>de</strong></span> <span class='ocrx_word' id='word_1_169' title='bbox 654 2471 703 2519; x_wconf 82' lang='lat' dir='ltr'><strong>illis</strong></span> <span class='ocrx_word' id='word_1_170' title='bbox 711 2485 814 2529; x_wconf 77' lang='lat' dir='ltr'><strong>sumnm5</strong></span> <span class='ocrx_word' id='word_1_171' title='bbox 831 2471 881 2519; x_wconf 77' lang='lat' dir='ltr'><strong>seui</strong></span> <span class='ocrx_word' id='word_1_172' title='bbox 897 2472 964 2533; x_wconf 81' lang='lat' dir='ltr'><strong>putri</strong></span> <span class='ocrx_word' id='word_1_173' title='bbox 971 2472 1074 2534; x_wconf 86' lang='lat' dir='ltr'><strong>primum</strong></span> <span class='ocrx_word' id='word_1_174' title='bbox 1084 2474 1158 2521; x_wconf 82' lang='lat' dir='ltr'><strong>rilem</strong></span> <span class='ocrx_word' id='word_1_175' title='bbox 1168 2473 1216 2523; x_wconf 80' lang='lat' dir='ltr'><strong>en·-</strong></span> 
     </span>
     <span class='ocr_line' id='line_1_24' title="bbox 117 2534 1226 2600; baseline 0.003 -18"><span class='ocrx_word' id='word_1_176' title='bbox 117 2550 207 2596; x_wconf 73' lang='lat' dir='ltr'><strong>perem,</strong></span> <span class='ocrx_word' id='word_1_177' title='bbox 218 2534 259 2597; x_wconf 78' lang='lat' dir='ltr'><strong>qui</strong></span> <span class='ocrx_word' id='word_1_178' title='bbox 266 2540 314 2582; x_wconf 84' lang='lat' dir='ltr'><strong>tom</strong></span> <span class='ocrx_word' id='word_1_179' title='bbox 322 2536 443 2584; x_wconf 85' lang='lat' dir='ltr'><strong>scelestum</strong></span> <span class='ocrx_word' id='word_1_180' title='bbox 447 2535 558 2594; x_wconf 62' lang='lat' dir='ltr'><strong>‚irruerem</strong></span> <span class='ocrx_word' id='word_1_181' title='bbox 568 2535 594 2583; x_wconf 85' lang='lat' dir='ltr'><strong>iu</strong></span> <span class='ocrx_word' id='word_1_182' title='bbox 605 2536 678 2583; x_wconf 90' lang='lat' dir='ltr'><strong>lucem</strong></span> <span class='ocrx_word' id='word_1_183' title='bbox 688 2535 778 2582; x_wconf 80' lang='lat' dir='ltr'><strong>edidit:</strong></span> <span class='ocrx_word' id='word_1_184' title='bbox 795 2540 844 2582; x_wconf 88' lang='lat' dir='ltr'><strong>tum</strong></span> <span class='ocrx_word' id='word_1_185' title='bbox 855 2536 934 2583; x_wconf 85' lang='lat' dir='ltr'><strong>eutem</strong></span> <span class='ocrx_word' id='word_1_186' title='bbox 944 2536 1030 2598; x_wconf 63' lang='lat' dir='ltr'><strong>Quum</strong></span> <span class='ocrx_word' id='word_1_187' title='bbox 1041 2537 1226 2600; x_wconf 72' lang='lat' dir='ltr'><strong>instigatum,-</strong></span> 
     </span>
     <span class='ocr_line' id='line_1_25' title="bbox 118 2597 1216 2661; baseline 0.003 -13"><span class='ocrx_word' id='word_1_188' title='bbox 118 2599 187 2648; x_wconf 73' lang='lat' dir='ltr'><strong>om!</strong></span> <span class='ocrx_word' id='word_1_189' title='bbox 202 2599 285 2661; x_wconf 80' lang='lat' dir='ltr'><strong>quibus</strong></span> <span class='ocrx_word' id='word_1_190' title='bbox 295 2600 360 2646; x_wconf 84' lang='lat' dir='ltr'><strong>illum</strong></span> <span class='ocrx_word' id='word_1_191' title='bbox 371 2599 493 2648; x_wconf 80' lang='lat' dir='ltr'><strong>temnentis</strong></span> <span class='ocrx_word' id='word_1_192' title='bbox 504 2597 662 2647; x_wconf 68' lang='lat' dir='ltr'><strong>dilectiorem!</strong></span> <span class='ocrx_word' id='word_1_193' title='bbox 678 2599 703 2646; x_wconf 81' lang='lat' dir='ltr'><strong>in</strong></span> <span class='ocrx_word' id='word_1_194' title='bbox 712 2599 809 2646; x_wconf 86' lang='lat' dir='ltr'><strong>sublime</strong></span> <span class='ocrx_word' id='word_1_195' title='bbox 818 2601 904 2646; x_wconf 74' lang='lat' dir='ltr'><strong>cutum</strong></span> <span class='ocrx_word' id='word_1_196' title='bbox 920 2600 1021 2647; x_wconf 85' lang='lat' dir='ltr'><strong>medium</strong></span> <span class='ocrx_word' id='word_1_197' title='bbox 1032 2601 1081 2658; x_wconf 58' lang='lat' dir='ltr'><strong>dus</strong></span> <span class='ocrx_word' id='word_1_198' title='bbox 1091 2615 1173 2661; x_wconf 83' lang='lat' dir='ltr'><strong>corpur</strong></span> <span class='ocrx_word' id='word_1_199' title='bbox 1184 2603 1216 2651; x_wconf 77' lang='lat' dir='ltr'><strong>od</strong></span> 
     </span>
     <span class='ocr_line' id='line_1_26' title="bbox 119 2662 1216 2726; baseline 0.003 -16"><span class='ocrx_word' id='word_1_200' title='bbox 119 2678 158 2712; x_wconf 82' lang='lat' dir='ltr'><strong>mc</strong></span> <span class='ocrx_word' id='word_1_201' title='bbox 176 2663 303 2725; x_wconf 67' lang='lat' dir='ltr'><strong>tremus,</strong></span> <span class='ocrx_word' id='word_1_202' title='bbox 317 2669 342 2711; x_wconf 87' lang='lat' dir='ltr'><strong>et</strong></span> <span class='ocrx_word' id='word_1_203' title='bbox 357 2663 502 2726; x_wconf 71' lang='lat' dir='ltr'><strong>precipitem</strong></span> <span class='ocrx_word' id='word_1_204' title='bbox 513 2664 537 2711; x_wconf 82' lang='lat' dir='ltr'><strong>iu</strong></span> <span class='ocrx_word' id='word_1_205' title='bbox 549 2664 622 2710; x_wconf 82' lang='lat' dir='ltr'><strong>solum</strong></span> <span class='ocrx_word' id='word_1_206' title='bbox 632 2664 718 2711; x_wconf 86' lang='lat' dir='ltr'><strong>durum</strong></span> <span class='ocrx_word' id='word_1_207' title='bbox 732 2667 755 2710; x_wconf 90' lang='lat' dir='ltr'><strong>et</strong></span> <span class='ocrx_word' id='word_1_208' title='bbox 771 2676 880 2710; x_wconf 78' lang='lat' dir='ltr'><strong>saxosum</strong></span> <span class='ocrx_word' id='word_1_209' title='bbox 890 2662 1017 2719; x_wconf 67' lang='lat' dir='ltr'><strong>cllidum,</strong></span> <span class='ocrx_word' id='word_1_210' title='bbox 1027 2665 1071 2724; x_wconf 79' lang='lat' dir='ltr'><strong>tic,</strong></span> <span class='ocrx_word' id='word_1_211' title='bbox 1081 2669 1107 2711; x_wconf 87' lang='lat' dir='ltr'><strong>ut</strong></span> <span class='ocrx_word' id='word_1_212' title='bbox 1118 2664 1168 2723; x_wconf 79' lang='lat' dir='ltr'><strong>ejus</strong></span> <span class='ocrx_word' id='word_1_213' title='bbox 1177 2679 1216 2714; x_wconf 88' lang='lat' dir='ltr'><strong>ce·</strong></span> 
     </span>
    </p>
   </div>
   <div class='ocr_carea' id='block_1_4' title="bbox 575 2805 760 2825">
    <p class='ocr_par' dir='ltr' id='par_1_4' title="bbox 575 2805 760 2825">
     <span class='ocr_line' id='line_1_27' title="bbox 575 2805 760 2825; baseline -0.005 0"><span class='ocrx_word' id='word_1_214' title='bbox 575 2805 760 2825; x_wconf 58' lang='lat' dir='ltr'><strong>WOON</strong></span> 
     </span>
    </p>
   </div>
   <div class='ocr_carea' id='block_1_5' title="bbox 115 2920 1246 4210">
    <p class='ocr_par' dir='ltr' id='par_1_5' title="bbox 115 2920 1246 4210">
     <span class='ocr_line' id='line_1_28' title="bbox 118 2920 1214 2987; baseline -0.005 -15"><span class='ocrx_word' id='word_1_215' title='bbox 118 2924 197 2987; x_wconf 83' lang='lat' dir='ltr'><strong>Vulg.</strong></span> <span class='ocrx_word' id='word_1_216' title='bbox 213 2923 312 2984; x_wconf 69' lang='lat' dir='ltr'><strong>indigne</strong></span> <span class='ocrx_word' id='word_1_217' title='bbox 328 2937 373 2986; x_wconf 85' lang='lat' dir='ltr'><strong>per</strong></span> <span class='ocrx_word' id='word_1_218' title='bbox 388 2924 444 2985; x_wconf 83' lang='lat' dir='ltr'><strong>cim,</strong></span> <span class='ocrx_word' id='word_1_219' title='bbox 460 2923 643 2986; x_wconf 63' lang='lat' dir='ltr'><strong>praepositione</strong></span> <span class='ocrx_word' id='word_1_220' title='bbox 657 2928 743 2976; x_wconf 81' lang='lat' dir='ltr'><strong>scuta,</strong></span> <span class='ocrx_word' id='word_1_221' title='bbox 754 2921 854 2970; x_wconf 86' lang='lat' dir='ltr'><strong>nomine</strong></span> <span class='ocrx_word' id='word_1_222' title='bbox 872 2920 1021 2982; x_wconf 73' lang='lat' dir='ltr'><strong>gravissimo</strong></span> <span class='ocrx_word' id='word_1_223' title='bbox 1038 2922 1140 2971; x_wconf 82' lang='lat' dir='ltr'><strong>elevato</strong></span> <span class='ocrx_word' id='word_1_224' title='bbox 1156 2929 1214 2975; x_wconf 81' lang='lat' dir='ltr'><strong>ten.</strong></span> 
     </span>
     <span class='ocr_line' id='line_1_29' title="bbox 118 2986 1214 3052; baseline 0.003 -15"><span class='ocrx_word' id='word_1_225' title='bbox 118 3004 195 3052; x_wconf 84' lang='lat' dir='ltr'><strong>quem</strong></span> <span class='ocrx_word' id='word_1_226' title='bbox 207 2989 344 3036; x_wconf 85' lang='lat' dir='ltr'><strong>enclitico:</strong></span> <span class='ocrx_word' id='word_1_227' title='bbox 361 2989 398 3036; x_wconf 90' lang='lat' dir='ltr'><strong>sic</strong></span> <span class='ocrx_word' id='word_1_228' title='bbox 411 2991 418 3016; x_wconf 83' lang='lat'><strong>‘</strong></span> <span class='ocrx_word' id='word_1_229' title='bbox 431 2987 543 3037; x_wconf 85' lang='lat' dir='ltr'><strong>duriter&#39;</strong></span> <span class='ocrx_word' id='word_1_230' title='bbox 554 2996 581 3038; x_wconf 88' lang='lat' dir='ltr'><strong>et</strong></span> <span class='ocrx_word' id='word_1_231' title='bbox 591 2988 683 3036; x_wconf 75' lang='lat' dir='ltr'><strong>similia</strong></span> <span class='ocrx_word' id='word_1_232' title='bbox 694 2989 825 3049; x_wconf 80' lang='lat' dir='ltr'><strong>leguntur,</strong></span> <span class='ocrx_word' id='word_1_233' title='bbox 837 2991 912 3049; x_wconf 83' lang='lat' dir='ltr'><strong>atque</strong></span> <span class='ocrx_word' id='word_1_234' title='bbox 927 2986 974 3033; x_wconf 90' lang='lat' dir='ltr'><strong>hoc</strong></span> <span class='ocrx_word' id='word_1_235' title='bbox 987 2987 1069 3048; x_wconf 87' lang='lat' dir='ltr'><strong>ipsum</strong></span> <span class='ocrx_word' id='word_1_236' title='bbox 1087 2987 1113 3034; x_wconf 91' lang='lat' dir='ltr'><strong>iu</strong></span> <span class='ocrx_word' id='word_1_237' title='bbox 1127 2995 1214 3040; x_wconf 79' lang='lat' dir='ltr'><strong>vetere</strong></span> 
     </span>
     <span class='ocr_line' id='line_1_30' title="bbox 118 3046 1214 3116; baseline 0.002 -16"><span class='ocrx_word' id='word_1_238' title='bbox 118 3053 297 3115; x_wconf 68' lang='lat' dir='ltr'><strong>inscriptione,</strong></span> <span class='ocrx_word' id='word_1_239' title='bbox 314 3053 387 3101; x_wconf 82' lang='lat' dir='ltr'><strong>Botis.</strong></span> <span class='ocrx_word' id='word_1_240' title='bbox 396 3053 438 3116; x_wconf 88' lang='lat' dir='ltr'><strong>qni</strong></span> <span class='ocrx_word' id='word_1_241' title='bbox 448 3053 526 3115; x_wconf 84' lang='lat' dir='ltr'><strong>igitur</strong></span> <span class='ocrx_word' id='word_1_242' title='bbox 534 3053 598 3115; x_wconf 78' lang='lat' dir='ltr'><strong>legit</strong></span> <span class='ocrx_word' id='word_1_243' title='bbox 608 3054 738 3113; x_wconf 81' lang='lat' dir='ltr'><strong>iudiguiler</strong></span> <span class='ocrx_word' id='word_1_244' title='bbox 748 3052 772 3098; x_wconf 88' lang='lat' dir='ltr'><strong>m&#39;</strong></span> <span class='ocrx_word' id='word_1_245' title='bbox 781 3050 935 3099; x_wconf 77' lang='lat' dir='ltr'><strong>citium-ll</strong></span> <span class='ocrx_word' id='word_1_246' title='bbox 955 3046 1214 3114; x_wconf 73' lang='lat' dir='ltr'><strong>Quoelupuilurldem.</strong></span> 
     </span>
     <span class='ocr_line' id='line_1_31' title="bbox 118 3115 1214 3178; baseline 0 -11"><span class='ocrx_word' id='word_1_247' title='bbox 118 3122 184 3167; x_wconf 79' lang='grc'><strong>-13</strong></span> <span class='ocrx_word' id='word_1_248' title='bbox 203 3118 233 3166; x_wconf 89' lang='lat' dir='ltr'><strong>R.</strong></span> <span class='ocrx_word' id='word_1_249' title='bbox 255 3130 304 3164; x_wconf 91' lang='lat' dir='ltr'><strong>non</strong></span> <span class='ocrx_word' id='word_1_250' title='bbox 317 3117 395 3165; x_wconf 83' lang='lat' dir='ltr'><strong>hebet</strong></span> <span class='ocrx_word' id='word_1_251' title='bbox 404 3123 487 3164; x_wconf 84' lang='lat' dir='ltr'><strong>tolum.</strong></span> <span class='ocrx_word' id='word_1_252' title='bbox 521 3117 629 3165; x_wconf 87' lang='lat' dir='ltr'><strong>Botlrius</strong></span> <span class='ocrx_word' id='word_1_253' title='bbox 640 3117 704 3178; x_wconf 79' lang='lat' dir='ltr'><strong>legit</strong></span> <span class='ocrx_word' id='word_1_254' title='bbox 718 3130 786 3178; x_wconf 78' lang='lat' dir='ltr'><strong>quem</strong></span> <span class='ocrx_word' id='word_1_255' title='bbox 797 3115 869 3163; x_wconf 80' lang='lat' dir='ltr'><strong>illanc</strong></span> <span class='ocrx_word' id='word_1_256' title='bbox 886 3115 933 3174; x_wconf 74' lang='lat' dir='ltr'><strong>ts.</strong></span> <span class='ocrx_word' id='word_1_257' title='bbox 944 3115 998 3164; x_wconf 86' lang='lat' dir='ltr'><strong>deri</strong></span> <span class='ocrx_word' id='word_1_258' title='bbox 1016 3115 1107 3164; x_wconf 80' lang='lat' dir='ltr'><strong>obuium</strong></span> <span class='ocrx_word' id='word_1_259' title='bbox 1119 3119 1214 3168; x_wconf 87' lang='lat' dir='ltr'><strong>omisso</strong></span> 
     </span>
     <span class='ocr_line' id='line_1_32' title="bbox 117 3179 1246 3245; baseline 0.003 -15"><span class='ocrx_word' id='word_1_260' title='bbox 117 3181 187 3230; x_wconf 75' lang='lat' dir='ltr'><strong>milri.</strong></span> <span class='ocrx_word' id='word_1_261' title='bbox 205 3181 250 3230; x_wconf 92' lang='lat' dir='ltr'><strong>Br.</strong></span> <span class='ocrx_word' id='word_1_262' title='bbox 263 3180 293 3229; x_wconf 86' lang='grc' dir='ltr'><strong>Ζ.</strong></span> <span class='ocrx_word' id='word_1_263' title='bbox 312 3182 362 3229; x_wconf 88' lang='lat' dir='ltr'><strong>Del</strong></span> <span class='ocrx_word' id='word_1_264' title='bbox 382 3181 406 3230; x_wconf 88' lang='lat' dir='ltr'><strong>ir.</strong></span> <span class='ocrx_word' id='word_1_265' title='bbox 417 3181 472 3229; x_wconf 79' lang='lat' dir='ltr'><strong>duri</strong></span> <span class='ocrx_word' id='word_1_266' title='bbox 509 3181 552 3228; x_wconf 84' lang='lat' dir='ltr'><strong>ibi.</strong></span> <span class='ocrx_word' id='word_1_267' title='bbox 580 3182 644 3230; x_wconf 83' lang='lat' dir='ltr'><strong>Duri</strong></span> <span class='ocrx_word' id='word_1_268' title='bbox 653 3182 686 3229; x_wconf 87' lang='lat' dir='ltr'><strong>mi</strong></span> <span class='ocrx_word' id='word_1_269' title='bbox 704 3181 763 3242; x_wconf 89' lang='lat' dir='ltr'><strong>Bip.</strong></span> <span class='ocrx_word' id='word_1_270' title='bbox 776 3179 920 3228; x_wconf 64' lang='lat' dir='ltr'><strong>Beate-lt</strong></span> <span class='ocrx_word' id='word_1_271' title='bbox 940 3182 975 3229; x_wconf 84' lang='lat' dir='ltr'><strong>Ut</strong></span> <span class='ocrx_word' id='word_1_272' title='bbox 985 3180 1046 3228; x_wconf 82' lang='lat' dir='ltr'><strong>irum</strong></span> <span class='ocrx_word' id='word_1_273' title='bbox 1056 3181 1125 3230; x_wconf 82' lang='lat' dir='ltr'><strong>boue.</strong></span> <span class='ocrx_word' id='word_1_274' title='bbox 1144 3183 1214 3245; x_wconf 81' lang='lat' dir='ltr'><strong>Lego</strong></span> <span class='ocrx_word' id='word_1_275' title='bbox 1242 3209 1246 3217; x_wconf 93' lang='lat'><em>·</em></span> 
     </span>
     <span class='ocr_line' id='line_1_33' title="bbox 118 3195 1214 3307; baseline 0.001 -12"><span class='ocrx_word' id='word_1_276' title='bbox 118 3260 153 3295; x_wconf 76' lang='lat' dir='ltr'><strong>ex</strong></span> <span class='ocrx_word' id='word_1_277' title='bbox 166 3246 240 3294; x_wconf 79' lang='lat' dir='ltr'><strong>lium.</strong></span> <span class='ocrx_word' id='word_1_278' title='bbox 253 3252 280 3292; x_wconf 85' lang='lat' dir='ltr'><strong>et</strong></span> <span class='ocrx_word' id='word_1_279' title='bbox 291 3245 346 3293; x_wconf 81' lang='lat' dir='ltr'><strong>eliis</strong></span> <span class='ocrx_word' id='word_1_280' title='bbox 358 3195 413 3307; x_wconf 55' lang='lat' dir='ltr'><strong>{gre</strong></span> <span class='ocrx_word' id='word_1_281' title='bbox 425 3245 491 3293; x_wconf 89' lang='lat' dir='ltr'><strong>omni</strong></span> <span class='ocrx_word' id='word_1_282' title='bbox 513 3259 551 3306; x_wconf 89' lang='lat' dir='ltr'><strong>us,</strong></span> <span class='ocrx_word' id='word_1_283' title='bbox 565 3246 598 3294; x_wconf 87' lang='lat' dir='ltr'><strong>Ut</strong></span> <span class='ocrx_word' id='word_1_284' title='bbox 614 3261 657 3307; x_wconf 82' lang='lat' dir='ltr'><strong>ego</strong></span> <span class='ocrx_word' id='word_1_285' title='bbox 668 3247 728 3293; x_wconf 83' lang='lat' dir='ltr'><strong>irum</strong></span> <span class='ocrx_word' id='word_1_286' title='bbox 740 3245 806 3293; x_wconf 82' lang='lat' dir='ltr'><strong>bunc.</strong></span> <span class='ocrx_word' id='word_1_287' title='bbox 824 3244 873 3292; x_wconf 82' lang='lat' dir='ltr'><strong>Fe.</strong></span> <span class='ocrx_word' id='word_1_288' title='bbox 903 3243 974 3293; x_wconf 89' lang='lat' dir='ltr'><strong>Unus</strong></span> <span class='ocrx_word' id='word_1_289' title='bbox 984 3251 1084 3294; x_wconf 83' lang='lat' dir='ltr'><strong>tantum</strong></span> <span class='ocrx_word' id='word_1_290' title='bbox 1102 3253 1130 3295; x_wconf 89' lang='lat' dir='ltr'><strong>et</strong></span> <span class='ocrx_word' id='word_1_291' title='bbox 1148 3249 1214 3297; x_wconf 77' lang='lat' dir='ltr'><strong>alter</strong></span> 
     </span>
     <span class='ocr_line' id='line_1_34' title="bbox 118 3308 1214 3370; baseline 0 -10"><span class='ocrx_word' id='word_1_292' title='bbox 118 3309 243 3360; x_wconf 82' lang='lat' dir='ltr'><strong>euostris</strong></span> <span class='ocrx_word' id='word_1_293' title='bbox 262 3323 313 3370; x_wconf 81' lang='lat' dir='ltr'><strong>ego.</strong></span> <span class='ocrx_word' id='word_1_294' title='bbox 347 3309 469 3357; x_wconf 88' lang='lat' dir='ltr'><strong>Ceterum</strong></span> <span class='ocrx_word' id='word_1_295' title='bbox 482 3322 546 3357; x_wconf 87' lang='lat' dir='ltr'><strong>nnus</strong></span> <span class='ocrx_word' id='word_1_296' title='bbox 566 3324 599 3357; x_wconf 83' lang='lat' dir='ltr'><strong>ex</strong></span> <span class='ocrx_word' id='word_1_297' title='bbox 619 3310 759 3370; x_wconf 86' lang='lat' dir='ltr'><strong>veteribus,</strong></span> <span class='ocrx_word' id='word_1_298' title='bbox 770 3308 888 3368; x_wconf 79' lang='lat' dir='ltr'><strong>egritudo</strong></span> <span class='ocrx_word' id='word_1_299' title='bbox 898 3315 933 3357; x_wconf 87' lang='lat' dir='ltr'><strong>est</strong></span> <span class='ocrx_word' id='word_1_300' title='bbox 943 3309 992 3357; x_wconf 81' lang='lat' dir='ltr'><strong>boec</strong></span> <span class='ocrx_word' id='word_1_301' title='bbox 1006 3323 1092 3366; x_wconf 82' lang='lat' dir='ltr'><strong>recem,</strong></span> <span class='ocrx_word' id='word_1_302' title='bbox 1102 3325 1151 3359; x_wconf 92' lang='lat' dir='ltr'><strong>non</strong></span> <span class='ocrx_word' id='word_1_303' title='bbox 1162 3312 1214 3361; x_wconf 78' lang='lat' dir='ltr'><strong>lucc</strong></span> 
     </span>
     <span class='ocr_line' id='line_1_35' title="bbox 118 3372 1213 3436; baseline 0 -12"><span class='ocrx_word' id='word_1_304' title='bbox 118 3381 163 3424; x_wconf 84' lang='lat' dir='ltr'><strong>eet.</strong></span> <span class='ocrx_word' id='word_1_305' title='bbox 181 3375 274 3423; x_wconf 82' lang='lat' dir='ltr'><strong>Recte.</strong></span> <span class='ocrx_word' id='word_1_306' title='bbox 292 3373 429 3421; x_wconf 75' lang='lat' dir='ltr'><strong>flent-15</strong></span> <span class='ocrx_word' id='word_1_307' title='bbox 448 3373 517 3436; x_wconf 86' lang='lat' dir='ltr'><strong>Gny.</strong></span> <span class='ocrx_word' id='word_1_308' title='bbox 537 3372 640 3422; x_wconf 78' lang='lat' dir='ltr'><strong>iniicere</strong></span> <span class='ocrx_word' id='word_1_309' title='bbox 656 3388 756 3423; x_wconf 81' lang='lat' dir='ltr'><strong>versum</strong></span> <span class='ocrx_word' id='word_1_310' title='bbox 775 3374 841 3421; x_wconf 89' lang='lat' dir='ltr'><strong>hunc</strong></span> <span class='ocrx_word' id='word_1_311' title='bbox 854 3375 989 3436; x_wconf 82' lang='lat' dir='ltr'><strong>expungit.</strong></span> <span class='ocrx_word' id='word_1_312' title='bbox 1010 3375 1082 3423; x_wconf 84' lang='lat' dir='ltr'><strong>Wcst.</strong></span> <span class='ocrx_word' id='word_1_313' title='bbox 1116 3375 1213 3425; x_wconf 86' lang='lat' dir='ltr'><strong>Versus</strong></span> 
     </span>
     <span class='ocr_line' id='line_1_36' title="bbox 119 3436 1214 3505; baseline 0.001 -18"><span class='ocrx_word' id='word_1_314' title='bbox 119 3439 260 3500; x_wconf 77' lang='lat' dir='ltr'><strong>claudicat,</strong></span> <span class='ocrx_word' id='word_1_315' title='bbox 272 3437 319 3484; x_wconf 89' lang='lat' dir='ltr'><strong>nisi</strong></span> <span class='ocrx_word' id='word_1_316' title='bbox 332 3437 376 3505; x_wconf 70' lang='lat'><strong>⁵¹¹.‘</strong></span> <span class='ocrx_word' id='word_1_317' title='bbox 390 3436 449 3485; x_wconf 92' lang='lat' dir='ltr'><strong>dum</strong></span> <span class='ocrx_word' id='word_1_318' title='bbox 459 3437 467 3459; x_wconf 86' lang='lat'>&#39;</span> <span class='ocrx_word' id='word_1_319' title='bbox 478 3439 628 3499; x_wconf 83' lang='lat' dir='ltr'><strong>synaloephe</strong></span> <span class='ocrx_word' id='word_1_320' title='bbox 647 3447 741 3497; x_wconf 84' lang='lat' dir='ltr'><strong>cesset,</strong></span> <span class='ocrx_word' id='word_1_321' title='bbox 753 3438 829 3501; x_wconf 84' lang='lat' dir='ltr'><strong>plane</strong></span> <span class='ocrx_word' id='word_1_322' title='bbox 845 3446 937 3486; x_wconf 85' lang='lat' dir='ltr'><strong>contra</strong></span> <span class='ocrx_word' id='word_1_323' title='bbox 954 3445 1035 3486; x_wconf 84' lang='lat' dir='ltr'><strong>artem</strong></span> <span class='ocrx_word' id='word_1_324' title='bbox 1053 3448 1080 3486; x_wconf 90' lang='lat' dir='ltr'><strong>et</strong></span> <span class='ocrx_word' id='word_1_325' title='bbox 1097 3439 1214 3488; x_wconf 85' lang='lat' dir='ltr'><strong>Terentii</strong></span> 
     </span>
     <span class='ocr_line' id='line_1_37' title="bbox 118 3501 1214 3562; baseline 0.002 -12"><span class='ocrx_word' id='word_1_326' title='bbox 118 3516 227 3551; x_wconf 77' lang='lat' dir='ltr'><strong>osorem.</strong></span> <span class='ocrx_word' id='word_1_327' title='bbox 259 3501 325 3550; x_wconf 77' lang='lat' dir='ltr'><strong>uere</strong></span> <span class='ocrx_word' id='word_1_328' title='bbox 336 3502 384 3549; x_wconf 83' lang='lat' dir='ltr'><strong>ista</strong></span> <span class='ocrx_word' id='word_1_329' title='bbox 395 3503 450 3549; x_wconf 89' lang='lat' dir='ltr'><strong>dum</strong></span> <span class='ocrx_word' id='word_1_330' title='bbox 460 3503 512 3550; x_wconf 85' lang='lat' dir='ltr'><strong>illm</strong></span> <span class='ocrx_word' id='word_1_331' title='bbox 527 3503 624 3549; x_wconf 84' lang='lat' dir='ltr'><strong>ulciscur</strong></span> <span class='ocrx_word' id='word_1_332' title='bbox 638 3505 712 3551; x_wconf 83' lang='lat' dir='ltr'><strong>modo.</strong></span> <span class='ocrx_word' id='word_1_333' title='bbox 747 3501 944 3551; x_wconf 72' lang='lat' dir='ltr'><strong>hemistichium</strong></span> <span class='ocrx_word' id='word_1_334' title='bbox 957 3509 1006 3562; x_wconf 86' lang='lat' dir='ltr'><strong>est,</strong></span> <span class='ocrx_word' id='word_1_335' title='bbox 1018 3510 1046 3550; x_wconf 86' lang='lat' dir='ltr'><strong>ut</strong></span> <span class='ocrx_word' id='word_1_336' title='bbox 1056 3516 1115 3550; x_wconf 88' lang='lat' dir='ltr'><strong>mox</strong></span> <span class='ocrx_word' id='word_1_337' title='bbox 1127 3516 1163 3549; x_wconf 83' lang='lat' dir='ltr'><strong>vs.</strong></span> <span class='ocrx_word' id='word_1_338' title='bbox 1173 3507 1214 3552; x_wconf 81' lang='grc'><strong>19.</strong></span> 
     </span>
     <span class='ocr_line' id='line_1_38' title="bbox 118 3565 1212 3631; baseline -0.003 -13"><span class='ocrx_word' id='word_1_339' title='bbox 118 3567 193 3618; x_wconf 78' lang='lat' dir='ltr'><strong>Beni.</strong></span> <span class='ocrx_word' id='word_1_340' title='bbox 226 3565 334 3613; x_wconf 84' lang='lat' dir='ltr'><strong>Botlrins</strong></span> <span class='ocrx_word' id='word_1_341' title='bbox 351 3566 415 3628; x_wconf 79' lang='lat' dir='ltr'><strong>legit</strong></span> <span class='ocrx_word' id='word_1_342' title='bbox 431 3568 487 3614; x_wconf 87' lang='lat' dir='ltr'><strong>dum</strong></span> <span class='ocrx_word' id='word_1_343' title='bbox 501 3567 554 3613; x_wconf 86' lang='lat' dir='ltr'><strong>illos</strong></span> <span class='ocrx_word' id='word_1_344' title='bbox 567 3567 667 3614; x_wconf 83' lang='lat' dir='ltr'><strong>ulciscur</strong></span> <span class='ocrx_word' id='word_1_345' title='bbox 684 3581 734 3631; x_wconf 72' lang='lat' dir='ltr'><strong>mec</strong></span> <span class='ocrx_word' id='word_1_346' title='bbox 750 3567 890 3614; x_wconf 71' lang='lat' dir='ltr'><strong>neoda-16</strong></span> <span class='ocrx_word' id='word_1_347' title='bbox 907 3567 951 3613; x_wconf 84' lang='lat' dir='ltr'><strong>Bt.</strong></span> <span class='ocrx_word' id='word_1_348' title='bbox 967 3565 1024 3614; x_wconf 82' lang='lat' dir='ltr'><strong>Seni</strong></span> <span class='ocrx_word' id='word_1_349' title='bbox 1038 3568 1212 3615; x_wconf 81' lang='lat' dir='ltr'><strong>animum-18</strong></span> 
     </span>
     <span class='ocr_line' id='line_1_39' title="bbox 117 3629 1215 3693; baseline -0.003 -10"><span class='ocrx_word' id='word_1_350' title='bbox 117 3630 258 3683; x_wconf 79' lang='lat' dir='ltr'><strong>Assentior</strong></span> <span class='ocrx_word' id='word_1_351' title='bbox 276 3631 407 3678; x_wconf 82' lang='lat' dir='ltr'><strong>Pslmerio</strong></span> <span class='ocrx_word' id='word_1_352' title='bbox 425 3639 451 3680; x_wconf 86' lang='lat' dir='ltr'><strong>et</strong></span> <span class='ocrx_word' id='word_1_353' title='bbox 473 3630 586 3693; x_wconf 68' lang='lat' dir='ltr'><strong>Gnyetm</strong></span> <span class='ocrx_word' id='word_1_354' title='bbox 597 3631 751 3693; x_wconf 77' lang='lat' dir='ltr'><strong>legentibus,</strong></span> <span class='ocrx_word' id='word_1_355' title='bbox 763 3629 849 3692; x_wconf 81' lang='lat' dir='ltr'><strong>Cupite</strong></span> <span class='ocrx_word' id='word_1_356' title='bbox 862 3643 959 3690; x_wconf 75' lang='lat' dir='ltr'><strong>monum</strong></span> <span class='ocrx_word' id='word_1_357' title='bbox 977 3629 1001 3679; x_wconf 86' lang='lat' dir='ltr'><strong>iu</strong></span> <span class='ocrx_word' id='word_1_358' title='bbox 1019 3635 1108 3677; x_wconf 84' lang='lat' dir='ltr'><strong>terrum</strong></span> <span class='ocrx_word' id='word_1_359' title='bbox 1122 3635 1215 3680; x_wconf 82' lang='lat' dir='ltr'><strong>stutue-</strong></span> 
     </span>
     <span class='ocr_line' id='line_1_40' title="bbox 115 3693 1212 3757; baseline 0.001 -14"><span class='ocrx_word' id='word_1_360' title='bbox 115 3711 176 3745; x_wconf 82' lang='lat' dir='ltr'><strong>rem.</strong></span> <span class='ocrx_word' id='word_1_361' title='bbox 210 3695 290 3745; x_wconf 80' lang='lat' dir='ltr'><strong>Juvat</strong></span> <span class='ocrx_word' id='word_1_362' title='bbox 303 3695 368 3743; x_wconf 86' lang='lat' dir='ltr'><strong>hanc</strong></span> <span class='ocrx_word' id='word_1_363' title='bbox 379 3695 524 3754; x_wconf 88' lang='lat' dir='ltr'><strong>lectionem,</strong></span> <span class='ocrx_word' id='word_1_364' title='bbox 537 3695 604 3757; x_wconf 89' lang='lat' dir='ltr'><strong>quod</strong></span> <span class='ocrx_word' id='word_1_365' title='bbox 616 3695 745 3742; x_wconf 83' lang='lat' dir='ltr'><strong>nonnullae</strong></span> <span class='ocrx_word' id='word_1_366' title='bbox 758 3694 884 3742; x_wconf 84' lang='lat' dir='ltr'><strong>editiones</strong></span> <span class='ocrx_word' id='word_1_367' title='bbox 901 3693 1008 3750; x_wconf 77' lang='lat' dir='ltr'><strong>habent,</strong></span> <span class='ocrx_word' id='word_1_368' title='bbox 1021 3693 1146 3741; x_wconf 79' lang='lat' dir='ltr'><strong>Sublimem</strong></span> <span class='ocrx_word' id='word_1_369' title='bbox 1165 3709 1212 3744; x_wconf 83' lang='lat' dir='ltr'><strong>me·</strong></span> 
     </span>
     <span class='ocr_line' id='line_1_41' title="bbox 115 3757 1214 3822; baseline 0 -14"><span class='ocrx_word' id='word_1_370' title='bbox 115 3762 182 3808; x_wconf 82' lang='lat' dir='ltr'><strong>dium</strong></span> <span class='ocrx_word' id='word_1_371' title='bbox 193 3759 296 3822; x_wconf 86' lang='lat' dir='ltr'><strong>primum</strong></span> <span class='ocrx_word' id='word_1_372' title='bbox 306 3759 473 3821; x_wconf 69' lang='lat' dir='ltr'><strong>crripemmet</strong></span> <span class='ocrx_word' id='word_1_373' title='bbox 484 3760 560 3821; x_wconf 83' lang='lat' dir='ltr'><strong>cupite</strong></span> <span class='ocrx_word' id='word_1_374' title='bbox 570 3760 691 3807; x_wconf 83' lang='lat' dir='ltr'><strong>interram</strong></span> <span class='ocrx_word' id='word_1_375' title='bbox 698 3764 833 3807; x_wconf 83' lang='lat' dir='ltr'><strong>statuerem.</strong></span> <span class='ocrx_word' id='word_1_376' title='bbox 848 3757 954 3806; x_wconf 86' lang='lat' dir='ltr'><strong>Scilicet</strong></span> <span class='ocrx_word' id='word_1_377' title='bbox 965 3759 1024 3821; x_wconf 84' lang='lat' dir='ltr'><strong>quin</strong></span> <span class='ocrx_word' id='word_1_378' title='bbox 1034 3757 1062 3804; x_wconf 74' lang='lat' dir='ltr'><strong>rb</strong></span> <span class='ocrx_word' id='word_1_379' title='bbox 1072 3760 1079 3784; x_wconf 89' lang='lat'>‘</span> <span class='ocrx_word' id='word_1_380' title='bbox 1089 3758 1196 3819; x_wconf 88' lang='lat' dir='ltr'><strong>primum</strong></span> <span class='ocrx_word' id='word_1_381' title='bbox 1205 3758 1214 3783; x_wconf 81' lang='lat'><em>&#39;</em></span> 
     </span>
     <span class='ocr_line' id='line_1_42' title="bbox 117 3820 1211 3887; baseline 0 -14"><span class='ocrx_word' id='word_1_382' title='bbox 117 3831 268 3887; x_wconf 80' lang='lat' dir='ltr'><strong>suspectum</strong></span> <span class='ocrx_word' id='word_1_383' title='bbox 282 3831 348 3881; x_wconf 82' lang='lat' dir='ltr'><strong>erat,</strong></span> <span class='ocrx_word' id='word_1_384' title='bbox 361 3824 429 3870; x_wconf 75' lang='lat' dir='ltr'><strong>varie</strong></span> <span class='ocrx_word' id='word_1_385' title='bbox 446 3824 601 3872; x_wconf 80' lang='lat' dir='ltr'><strong>collocatum</strong></span> <span class='ocrx_word' id='word_1_386' title='bbox 611 3831 660 3872; x_wconf 86' lang='lat' dir='ltr'><strong>est.</strong></span> <span class='ocrx_word' id='word_1_387' title='bbox 694 3824 743 3871; x_wconf 89' lang='lat' dir='ltr'><strong>Sed</strong></span> <span class='ocrx_word' id='word_1_388' title='bbox 761 3829 788 3871; x_wconf 88' lang='lat' dir='ltr'><strong>et</strong></span> <span class='ocrx_word' id='word_1_389' title='bbox 806 3837 901 3885; x_wconf 87' lang='lat' dir='ltr'><strong>pronus</strong></span> <span class='ocrx_word' id='word_1_390' title='bbox 920 3836 992 3883; x_wconf 87' lang='lat' dir='ltr'><strong>error</strong></span> <span class='ocrx_word' id='word_1_391' title='bbox 1007 3820 1073 3869; x_wconf 82' lang='lat' dir='ltr'><strong>fuit‘</strong></span> <span class='ocrx_word' id='word_1_392' title='bbox 1085 3822 1211 3884; x_wconf 84' lang='lat' dir='ltr'><strong>primnm&#39;</strong></span> 
     </span>
     <span class='ocr_line' id='line_1_43' title="bbox 117 3885 1213 3951; baseline -0.001 -15"><span class='ocrx_word' id='word_1_393' title='bbox 117 3887 290 3938; x_wconf 83' lang='lat' dir='ltr'><strong>describentis</strong></span> <span class='ocrx_word' id='word_1_394' title='bbox 308 3886 360 3935; x_wconf 76' lang='grc' dir='ltr'><strong>ἀντὶ</strong></span> <span class='ocrx_word' id='word_1_395' title='bbox 377 3888 420 3936; x_wconf 76' lang='grc' dir='ltr'><strong>τοῦ</strong></span> <span class='ocrx_word' id='word_1_396' title='bbox 434 3887 578 3950; x_wconf 79' lang='lat' dir='ltr'><strong>‘pronum’</strong></span> <span class='ocrx_word' id='word_1_397' title='bbox 611 3889 704 3950; x_wconf 87' lang='lat' dir='ltr'><strong>Neque</strong></span> <span class='ocrx_word' id='word_1_398' title='bbox 719 3888 798 3934; x_wconf 90' lang='lat' dir='ltr'><strong>ullum</strong></span> <span class='ocrx_word' id='word_1_399' title='bbox 809 3886 970 3936; x_wconf 88' lang='lat' dir='ltr'><strong>commodum</strong></span> <span class='ocrx_word' id='word_1_400' title='bbox 982 3900 1082 3934; x_wconf 82' lang='lat' dir='ltr'><strong>sensnm</strong></span> <span class='ocrx_word' id='word_1_401' title='bbox 1101 3885 1146 3934; x_wconf 69' lang='grc' dir='ltr'><strong>τὸ·</strong></span> <span class='ocrx_word' id='word_1_402' title='bbox 1160 3888 1213 3951; x_wconf 90' lang='lat' dir='ltr'><strong>pri·</strong></span> 
     </span>
     <span class='ocr_line' id='line_1_44' title="bbox 117 3949 1213 4014; baseline 0 -12"><span class='ocrx_word' id='word_1_403' title='bbox 117 3957 205 4013; x_wconf 86' lang='lat' dir='ltr'><strong>nrum‚’</strong></span> <span class='ocrx_word' id='word_1_404' title='bbox 216 3953 261 3999; x_wconf 87' lang='lat' dir='ltr'><strong>sed</strong></span> <span class='ocrx_word' id='word_1_405' title='bbox 274 3952 402 4000; x_wconf 88' lang='lat' dir='ltr'><strong>incuriose</strong></span> <span class='ocrx_word' id='word_1_406' title='bbox 414 3953 553 4014; x_wconf 86' lang='lat' dir='ltr'><strong>repetitum</strong></span> <span class='ocrx_word' id='word_1_407' title='bbox 566 3953 667 4000; x_wconf 88' lang='lat' dir='ltr'><strong>videtur</strong></span> <span class='ocrx_word' id='word_1_408' title='bbox 679 3965 794 3999; x_wconf 83' lang='lat' dir='ltr'><strong>exversn</strong></span> <span class='ocrx_word' id='word_1_409' title='bbox 807 3955 846 3999; x_wconf 87' lang='lat'><strong>16.</strong></span> <span class='ocrx_word' id='word_1_410' title='bbox 868 3949 943 3999; x_wconf 82' lang='lat' dir='ltr'><strong>West.</strong></span> <span class='ocrx_word' id='word_1_411' title='bbox 976 3949 1104 3999; x_wconf 78' lang='lat' dir='ltr'><strong>Sublimem</strong></span> <span class='ocrx_word' id='word_1_412' title='bbox 1113 3953 1213 4002; x_wconf 82' lang='lat' dir='ltr'><strong>medium</strong></span> 
     </span>
     <span class='ocr_line' id='line_1_45' title="bbox 116 4013 1212 4081; baseline 0.001 -16"><span class='ocrx_word' id='word_1_413' title='bbox 116 4020 254 4081; x_wconf 71' lang='lat' dir='ltr'><strong>scriperem</strong></span> <span class='ocrx_word' id='word_1_414' title='bbox 263 4015 341 4077; x_wconf 84' lang='lat' dir='ltr'><strong>cupite</strong></span> <span class='ocrx_word' id='word_1_415' title='bbox 353 4017 452 4079; x_wconf 80' lang='lat' dir='ltr'><strong>primum</strong></span> <span class='ocrx_word' id='word_1_416' title='bbox 464 4015 587 4066; x_wconf 80' lang='lat' dir='ltr'><strong>interram</strong></span> <span class='ocrx_word' id='word_1_417' title='bbox 597 4021 733 4065; x_wconf 81' lang='lat' dir='ltr'><strong>statuerem.</strong></span> <span class='ocrx_word' id='word_1_418' title='bbox 766 4014 826 4063; x_wconf 83' lang='lat' dir='ltr'><strong>Alia</strong></span> <span class='ocrx_word' id='word_1_419' title='bbox 839 4013 974 4062; x_wconf 84' lang='lat' dir='ltr'><strong>collocatio</strong></span> <span class='ocrx_word' id='word_1_420' title='bbox 986 4015 1045 4063; x_wconf 86' lang='lat' dir='ltr'><strong>milri</strong></span> <span class='ocrx_word' id='word_1_421' title='bbox 1056 4017 1136 4078; x_wconf 83' lang='lat' dir='ltr'><strong>magis</strong></span> <span class='ocrx_word' id='word_1_422' title='bbox 1153 4032 1212 4077; x_wconf 69' lang='lat' dir='ltr'><strong>prm</strong></span> 
     </span>
     <span class='ocr_line' id='line_1_46' title="bbox 120 4078 1212 4144; baseline 0.001 -14"><span class='ocrx_word' id='word_1_423' title='bbox 120 4083 180 4131; x_wconf 79' lang='lat' dir='ltr'><strong>batn</strong></span> <span class='ocrx_word' id='word_1_424' title='bbox 192 4087 234 4130; x_wconf 87' lang='lat' dir='ltr'><strong>est</strong></span> <span class='ocrx_word' id='word_1_425' title='bbox 244 4083 270 4128; x_wconf 87' lang='lat' dir='ltr'><strong>in</strong></span> <span class='ocrx_word' id='word_1_426' title='bbox 282 4081 348 4129; x_wconf 90' lang='lat' dir='ltr'><strong>libro</strong></span> <span class='ocrx_word' id='word_1_427' title='bbox 361 4081 499 4130; x_wconf 82' lang='lat' dir='ltr'><strong>Bembiuo:</strong></span> <span class='ocrx_word' id='word_1_428' title='bbox 516 4079 644 4130; x_wconf 81' lang='lat' dir='ltr'><strong>Sublimem</strong></span> <span class='ocrx_word' id='word_1_429' title='bbox 663 4081 763 4130; x_wconf 83' lang='lat' dir='ltr'><strong>medium</strong></span> <span class='ocrx_word' id='word_1_430' title='bbox 777 4079 880 4142; x_wconf 71' lang='lat' dir='ltr'><strong>primm</strong></span> <span class='ocrx_word' id='word_1_431' title='bbox 889 4078 1026 4142; x_wconf 78' lang='lat' dir='ltr'><strong>arriperem,</strong></span> <span class='ocrx_word' id='word_1_432' title='bbox 1035 4085 1060 4129; x_wconf 85' lang='lat' dir='ltr'><strong>ct</strong></span> <span class='ocrx_word' id='word_1_433' title='bbox 1069 4082 1146 4144; x_wconf 82' lang='lat' dir='ltr'><strong>cupite</strong></span> <span class='ocrx_word' id='word_1_434' title='bbox 1156 4084 1182 4130; x_wconf 76' lang='lat' dir='ltr'><strong>in</strong></span> <span class='ocrx_word' id='word_1_435' title='bbox 1193 4086 1212 4131; x_wconf 84' lang='lat' dir='ltr'><strong>l.</strong></span> 
     </span>
     <span class='ocr_line' id='line_1_47' title="bbox 116 4142 1211 4210; baseline 0 -16"><span class='ocrx_word' id='word_1_436' title='bbox 116 4161 137 4195; x_wconf 85' lang='lat' dir='ltr'><strong>s.</strong></span> <span class='ocrx_word' id='word_1_437' title='bbox 149 4147 197 4200; x_wconf 80' lang='lat' dir='ltr'><strong>Fe.</strong></span> <span class='ocrx_word' id='word_1_438' title='bbox 231 4145 290 4196; x_wconf 86' lang='lat' dir='ltr'><strong>Hoc</strong></span> <span class='ocrx_word' id='word_1_439' title='bbox 300 4143 372 4209; x_wconf 83' lang='lat' dir='ltr'><strong>qnod·</strong></span> <span class='ocrx_word' id='word_1_440' title='bbox 388 4144 528 4195; x_wconf 87' lang='lat' dir='ltr'><strong>Bembinus</strong></span> <span class='ocrx_word' id='word_1_441' title='bbox 543 4146 658 4209; x_wconf 83' lang='lat' dir='ltr'><strong>exbibet,</strong></span> <span class='ocrx_word' id='word_1_442' title='bbox 669 4144 798 4195; x_wconf 77' lang='lat' dir='ltr'><strong>Sublimem</strong></span> <span class='ocrx_word' id='word_1_443' title='bbox 815 4142 916 4195; x_wconf 74' lang='lat' dir='ltr'><strong>memus</strong></span> <span class='ocrx_word' id='word_1_444' title='bbox 926 4143 1029 4207; x_wconf 79' lang='lat' dir='ltr'><strong>primum</strong></span> <span class='ocrx_word' id='word_1_445' title='bbox 1046 4148 1183 4210; x_wconf 70' lang='lat' dir='ltr'><strong>arriperem,</strong></span> <span class='ocrx_word' id='word_1_446' title='bbox 1194 4160 1211 4194; x_wconf 82' lang='lat' dir='ltr'><strong>s</strong></span> 
     </span>
    </p>
   </div>
   <div class='ocr_carea' id='block_1_6' title="bbox 0 0 1344 4694">
    <p class='ocr_par' dir='ltr' id='par_1_6' title="bbox 0 0 1344 4694">
     <span class='ocr_line' id='line_1_48' title="bbox 0 0 1344 4694; baseline 0 1"><span class='ocrx_word' id='word_1_447' title='bbox 0 0 1344 4694; x_wconf 95' lang='lat' dir='ltr'><strong> </strong></span> 
     </span>
    </p>
   </div>
  </div>
 </body>
</html>
