2678 4694
190 293 254 359 oet
562 308 592 354 r.
616 306 798 354 rnnnnrrr
825 306 913 354 nrm

191 451 258 515 ΡΑ.
283 448 453 532 Siquidem
468 447 553 513 istuc
568 449 704 532 impunc
723 449 886 513 habueris.
925 445 994 512 ΡΥ.
1019 442 1171 510 Veruml
1220 445 1284 509 Pr.

320 550 473 614 Reddam
489 549 606 613 hercle.
650 549 719 614 ΡΥ.
743 548 860 613 Credo.

191 651 258 716 Sed
275 653 309 714 in
323 651 410 715 diem
423 653 520 728 istuc,
536 652 710 729 Parmeno,
725 659 775 715 est
789 653 946 727 fortasse,
961 650 1054 733 quod
1071 649 1238 712 minitare.
1329 714 1331 729 ,

192 754 246 818 Tu
257 752 329 835 jam
343 752 517 835 pendebis,
528 753 585 834 qui
600 753 739 816 stultum
755 752 1044 816 adolescentulum
1057 750 1218 815 nobilitas
1248 751 1287 814 20
1329 766 1331 771 ·

194 854 359 936 FlagitiiS,
375 861 409 917 et
424 854 565 918 cundem
579 854 729 918 indicas:
753 860 889 936 uterquc
903 854 981 918 inte
997 853 1157 934 exempla
1171 853 1281 916 edent.

194 956 263 1020 Pr.
286 956 322 1019 N
323 956 410 1019 ullus
425 975 508 1018 sum.
552 955 622 1019 ΡΥ.
646 955 717 1019 Hic
731 974 791 1038 pro
806 955 867 1018 illo
888 972 1018 1018 munere
1035 954 1098 1017 tibi
1112 953 1225 1018 honos
1241 957 1287 1016 est

192 1137 196 1145 ι
321 1057 470 1120 habitus:
493 1057 587 1121 abeo.

193 1160 261 1223 ΡΑ.
284 1159 427 1240 Egomet
440 1176 516 1221 meo
532 1157 668 1235 indicio,
682 1159 792 1235 miser,
808 1157 905 1241 quasi
920 1175 1031 1234 sorex,
1046 1155 1150 1220 hodie
1165 1156 1262 1239 perii.

196 1359 246 1407 ΡΑ.
263 1359 291 1408 Si
302 1359 429 1422 quidemid
440 1360 540 1409 insdtom
550 1361 642 1422 tuleris,
658 1366 708 1409 tam
726 1362 817 1408 demum
835 1360 860 1408 id
878 1360 979 1424 ὶφίᾱιιηι
991 1361 1037 1410 tihi
1047 1361 1123 1410 sideri
1133 1362 1208 1410 dmm.
1241 1360 1289 1408 Pr.

196 1424 271 1477 Quasi
282 1429 370 1474 veroid
382 1427 450 1474 oowe
465 1431 573 1474 metuam.
606 1427 654 1473 ΡΑ.
671 1426 725 1473 Por
740 1425 784 1472 tibi
802 1423 876 1473 hercle
891 1426 999 1484 referam.
1034 1427 1087 1474 ΡΥ.
1106 1427 1193 1486 Credo,
1212 1427 1252 1474 sed
1268 1423 1290 1470 is

193 1488 286 1548 longam
296 1490 357 1546 diem
363 1490 430 1549 sorte
438 1491 527 1539 accidet
536 1492 604 1549 illud,
613 1491 673 1552 qood
684 1489 749 1537 nohis
759 1490 891 1537 minitaris:
910 1491 994 1550 tojam
1001 1493 1104 1553 pendens
1119 1505 1132 1538 e
1148 1491 1215 1539 onoc
1223 1504 1290 1551 cupa·

191 1552 309 1616 lestingei
318 1555 489 1618 imprudentem
499 1558 664 1604 adolescentem
674 1559 803 1617 spectatam
814 1559 837 1601 et
848 1554 964 1615 insignem
974 1554 1084 1618 flagitiis
1099 1555 1190 1614 reddis,
1201 1558 1224 1602 et
1242 1567 1290 1600 ees·

194 1618 247 1665 dem
263 1618 334 1667 etiam
348 1620 438 1682 prodis,
456 1624 480 1666 et
495 1620 627 1668 denuntias.
663 1619 772 1680 Uterque,
786 1623 855 1680 pater
865 1619 971 1681 etfilina
983 1620 1009 1667 in
1020 1625 1043 1667 te
1051 1634 1133 1682 poenas
1144 1617 1290 1671 exercebunt,

195 1697 246 1742 quse
256 1683 306 1730 sint
320 1685 453 1731 documento
463 1684 593 1745 ceteris,ne
603 1683 746 1744 delinquant.
779 1683 831 1731 Pr.
850 1683 925 1731 Perii.
959 1684 1012 1731 ΡΥ.
1030 1682 1155 1742 Εὶιωιηοάὶ
1165 1683 1236 1731 ltonos
1251 1680 1291 1728 tibi

195 1752 219 1791 et
230 1747 369 1805 palmarium
379 1748 541 1808 defectio·,pro
555 1747 677 1805 Eunocho,
688 1761 755 1806 quem
765 1748 824 1793 dono
839 1745 924 1794 Thaidi
935 1747 1065 1796 adduxisti.
1097 1747 1210 1796 Discedo.
1244 1746 1290 1793 ΡΛ.
1329 1788 1331 1795 .

197 1809 298 1868 Egocnet
315 1825 350 1858 me
361 1810 467 1858 indicans
482 1809 627 1858 smnmnihns
643 1810 709 1870 ineis,
726 1808 793 1871 qnasi
810 1824 880 1857 sorex
893 1817 988 1859 occentu
1005 1817 1029 1858 et
1038 1811 1140 1873 strepitis
1151 1827 1177 1860 se
1185 1811 1290 1874 prodens,

196 1873 255 1921 mini
262 1875 389 1936 perniciem
400 1874 479 1922 attuli.

653 2009 831 2031 mm

191 2128 329 2199 'Bag—18
347 2135 455 2185 Ovidius
467 2135 576 2199 plenius,
587 2134 677 2184 Amor.
687 2150 705 2184 r.
718 2141 743 2185 6.
754 2141 795 2186 23.
813 2136 922 2184 ‘Redde
933 2135 1034 2185 vicem!
1067 2134 1108 2184 Ita
1120 2141 1147 2184 et
1159 2133 1294 2184 Petronius
1317 2149 1321 2160 ·

199 2216 249 2249 non
264 2202 352 2250 semel.
385 2200 483 2248 Sedet
503 2202 528 2247 in
550 2200 703 2262 quibusdam
721 2201 795 2249 libris
814 2209 869 2249 est:
894 2203 1001 2248 Reddam
1020 2201 1096 2249 hercle
1113 2201 1197 2248 sicem.
1215 2201 1293 2249 West.

199 2264 328 2313 ‘Verum'
340 2264 470 2313 irridentis
483 2272 531 2324 est,
548 2264 585 2312 uti
597 2264 657 2312 dein
672 2265 785 2313 ‘credo'
802 2265 861 2325 Bip.
895 2265 954 2312 Non
974 2266 1133 2326 interrogant
1152 2270 1213 2326 post
1230 2263 1294 2311 ‘Ve-

200 2329 270 2376 rum'
284 2331 329 2376 Br.
341 2335 368 2375 et
380 2336 474 2376 nostrae
487 2327 612 2376 edd—19
628 2327 738 2388 Antiqui
749 2328 808 2376 libri
820 2329 919 2377 minore.
938 2329 983 2379 Fa.
1017 2329 1051 2377 Et
1072 2328 1189 2392 plerique
1208 2327 1294 2376 nostri.

199 2394 273 2441 Beni.
306 2392 425 2440 Minitare
435 2399 517 2439 metro
530 2393 674 2439 adversum.
692 2393 749 2455 Bip.
783 2393 881 2447 Minore
892 2394 969 2441 Bent.
981 2393 1041 2454 Bip.
1061 2392 1139 2442 Both.
1151 2394 1294 2442 Peri—2⁰.

199 2463 228 2506 21
248 2457 287 2506 Μ.
299 2466 327 2505 et
337 2456 430 2505 Boend.
443 2470 500 2503 cum
519 2463 629 2517 quatuor
640 2456 707 2505 Poll.
728 2464 756 2504 et
773 2456 832 2505 edd.
852 2459 994 2518 veteribus,
1010 2457 1158 2506 denobilitae.
1191 2457 1295 2505 Scilicet

200 2520 363 2570 et‘nobilis'
376 2527 406 2569 et
422 2519 560 2568 ‘nobilita'
578 2521 603 2567 in
624 2519 738 2582 pejorem
758 2528 859 2581 partem
878 2523 996 2570 sumitur.
1018 2522 1094 2571 West.
1129 2521 1160 2569 In
1173 2524 1255 2569 altero
1266 2533 1295 2568 ex

199 2587 239 2634 his
252 2586 350 2634 numeri
363 2585 428 2633 male
440 2599 467 2632 se
479 2584 584 2645 habent,
600 2584 625 2631 in
638 2592 747 2647 utroque
759 2586 897 2634 sententia.
932 2588 1047 2648 Repone,
1065 2587 1101 2634 Tu
1111 2586 1165 2646 jam
1179 2585 1296 2647 perrdehis,

200 2652 281 2710 stulta
298 2650 337 2712 qui
348 2649 544 2699 adolescentulam
555 2648 665 2697 nobilitas
676 2649 799 2710 Flagitiis,
816 2656 839 2699 et
849 2650 916 2712 petri
927 2651 1035 2699 indicas:
1048 2655 1146 2712 aterque
1156 2651 1262 2713 exempto
1272 2650 1296 2696 in

201 2716 321 2763 taedent.
355 2715 407 2763 Cur
427 2715 556 2763 Chaeream
574 2715 679 2762 stultum
700 2723 784 2774 vocet,
802 2717 871 2762 nulla
892 2716 957 2763 ratio
977 2723 1034 2774 est;
1060 2729 1135 2778 quem
1155 2715 1225 2762 intus
1243 2714 1296 2776 ipsa

200 2782 310 2828 noverat
321 2777 432 2828 feliciter
443 2793 497 2827 rem
514 2792 613 2841 gerere.
647 2778 683 2826 At
695 2779 823 2827 Parmeno
835 2780 938 2841 stultns,
955 2786 984 2828 ut
996 2780 1036 2827 bic
1048 2793 1085 2828 vs.
1098 2782 1123 2826 8.
1141 2779 1296 2842 ‘Nunquam

202 2845 245 2908 pol
264 2845 389 2894 hominem
409 2844 553 2894 stultiorem
573 2843 625 2892 vidi
644 2858 692 2891 nec
713 2841 824 2891 videbo!
857 2845 939 2892 Porro
957 2844 1008 2892 duo
1029 2843 1144 2900 codices,
1163 2843 1297 2904 Regluset

200 2909 383 2970 Academicus,
399 2914 422 2958 et
434 2911 530 2957 eundem
546 2907 728 2969 patriindicas:
744 2908 823 2967 unde,
840 2916 867 2955 nt
884 2907 924 2966 fit,
942 2923 990 2957 vox
1011 2907 1112 2955 advena
1130 2907 1296 2956 domesticam

202 2974 310 3036 expulit.
344 2974 401 3022 Nisi
413 2974 479 3021 enim
488 2971 556 3034 patri
567 2972 689 3029 retineas,
705 2971 765 3033 quid
778 2971 819 3018 bic
831 2970 908 3020 faciet
920 2978 1025 3036 uterque,
1041 2980 1069 3020 et
1082 2972 1149 3020 filius
1168 2980 1197 3020 et
1216 2979 1296 3034 pater,

201 3052 259 3086 cum
272 3052 338 3084 rinus
349 3040 449 3084 tantum
461 3032 623 3083 nominetur?
655 3035 776 3099 Denique
786 3037 869 3084 nostri
879 3036 1058 3094 universinum
1070 3037 1130 3086 edd.
1143 3043 1207 3085 vett.
1224 3050 1297 3084 exem·

199 3103 241 3164 pta
251 3100 277 3148 in
289 3106 312 3147 te
321 3103 398 3149 edent.
416 3101 495 3148 Bent.
524 3098 603 3147 Stulte
615 3100 693 3148 Bent.
705 3107 732 3148 et
743 3101 820 3149 Both.
845 3102 920 3162 Volg.
933 3103 973 3163 qui
982 3102 1080 3150 stultum
1090 3101 1297 3149 adolescentulam:

202 3180 255 3213 non
274 3173 355 3213 recte.
389 3163 446 3214 GC.
466 3163 505 3226 qui
525 3165 623 3212 stultum
640 3164 714 3212 istum
735 3165 875 3214 denobilitas
893 3167 955 3215 adol.
980 3167 1050 3214 Perl.
1084 3164 1200 3226 Refingit
1222 3165 1297 3212 Bent.

202 3230 284 3291 stulte,
300 3230 341 3291 qui
351 3231 391 3278 ad.
424 3229 475 3278 Sed
482 3228 538 3290 jam
549 3228 610 3277 satis
622 3229 757 3277 stultitiam
774 3244 849 3278 servo
867 3229 1018 3291 objecerat,
1035 3236 1062 3278 et
1079 3230 1171 3278 credas
1191 3230 1297 3278 stultum

203 3295 244 3342 hic
256 3293 308 3343 dici
319 3308 351 3342 ex
362 3308 448 3342 umore
460 3301 488 3342 et
499 3307 531 3340 ex
542 3293 626 3355 prima
636 3301 714 3342 aetate
722 3294 911 3358 imprudentem
921 3295 1064 3357 Chaeream,
1074 3309 1123 3343 non
1135 3293 1183 3341 nisi
1195 3301 1299 3342 arictore

204 3373 280 3407 servo
300 3358 410 3407 adhaec
433 3358 577 3422 impulsum.
610 3358 762 3407 Denobilitas
782 3375 795 3406 a
815 3359 998 3408 Grammaticis
1020 3358 1116 3407 foedum
1139 3365 1188 3406 est.
1222 3358 1298 3418 vmg.

204 3422 302 3472 omittit
310 3424 394 3484 pntri3
410 3425 477 3470 unde
490 3435 550 3470 vero
563 3422 599 3471 sic
610 3429 721 3484 uterque?
753 3424 831 3472 Bent.
848 3439 907 3472 vero
928 3425 1053 3487 expungit
1072 3423 1189 3480 eandem,·
1206 3423 1232 3469 in
1251 3434 1298 3485 quo

186 3546 190 3553 ἱ
205 3498 232 3536 et
244 3501 331 3536 omnes
341 3487 401 3536 libb.
414 3487 579 3547 conveniunt,
596 3502 643 3535 nec
656 3495 762 3535 metrum
776 3490 884 3539 laeditur.
902 3488 962 3548 Rip.
998 3490 1059 3536 Edct
1080 3488 1177 3550 Delph.
1214 3488 1298 3534 Exem-

202 3552 369 3616 plainteBr.
403 3552 551 3600 Bentleium
563 3552 665 3600 omnino
682 3553 798 3615 sequitur
810 3553 887 3602 Both.
921 3553 1032 3601 Videtur
1053 3554 1116 3615 Eug.
1134 3551 1228 3612 legisse
1247 3552 1299 3598 odo-

203 3618 400 3668 lercensem—22
417 3617 520 3678 Goyeto
539 3630 626 3664 versus
645 3617 686 3665 bic
706 3616 855 3666 subdititius
876 3616 992 3665 ridetur:
1019 3617 1107 3678 credo,
1130 3617 1191 3679 quia
1212 3627 1298 3679 parum

206 3683 345 3732 intellexit.
377 3683 448 3730 ‘Pro
468 3682 512 3730 illo
532 3680 657 3743 munere,'
683 3696 730 3743 pro
750 3682 884 3731 Eunucho.
902 3684 975 3731 Bent.
1010 3681 1085 3743 Abeo]
1111 3681 1213 3742 Explic.
1236 3678 1298 3728 GM.

204 3751 282 3808 putre,
299 3747 344 3796 Br.
365 3745 471 3795 Choerea.
505 3747 592 3808 Longe
611 3747 741 3794 aberrant.
772 3747 836 3795 Abeo
854 3754 968 3804 nonest,
986 3747 1018 3794 ab
1036 3747 1097 3794 illo:
1116 3746 1170 3806 sed,
1187 3743 1300 3792 discedo.

208 3811 275 3861 Perl.
308 3811 414 3859 Habitus
424 3811 453 3859 ah
465 3810 504 3872 eo]
518 3810 585 3859 Haec
598 3810 694 3859 codicis
705 3813 785 3860 nostri
803 3811 879 3859 lectio
891 3810 924 3859 ab
936 3810 991 3858 aliis
1004 3810 1080 3860 codd.
1090 3810 1214 3871 nondum,
1226 3822 1301 3873 quau·

209 3882 263 3924 tum
275 3875 337 3938 scio,
350 3877 451 3940 prolata
462 3882 511 3926 est.
545 3875 609 3926 Abeo
619 3875 699 3926 habet
709 3875 804 3940 aliquid
816 3874 913 3941 frigidi.
929 3877 1021 3924 Bruns.
