2678 4694
346 305 664 361 narurouuruon.
688 305 771 353 aar.
790 306 829 355 11.
853 305 904 355 so.
922 306 977 354 111.
1141 291 1205 358 ⁶73

97 452 196 516 Dum
211 454 338 526 narrat,
352 449 436 513 rorte
446 449 575 518 audivi.
620 449 727 514 carr.
750 446 917 526 Quaenam
932 453 983 515 est
997 451 1129 515 alterat

97 553 167 616 ΒΥ.
193 549 317 614 Mane:
339 550 416 626 hoc,
431 548 521 632 quod
536 550 638 630 coepi,
654 551 798 632 primum
813 569 974 628 enarrem,
990 549 1160 634 Clitipho:

97 653 191 726 Post
218 653 309 715 istuc
336 652 480 714 veniam.
525 649 631 715 cnr.
662 650 821 735 Propera.
859 652 930 716 Su.
955 652 1036 718 Jam
1060 656 1204 738 primum

236 753 396 829 omniurn,

97 854 173 919 Ubi
187 860 326 918 ventum
340 852 383 916 ad
397 852 490 917 aedes
504 859 566 931 est,
582 854 713 919 Dromo
727 855 839 937 pultat
850 855 961 920 sores:

97 955 202 1020 Anus
218 955 376 1039 quaedam
390 955 526 1038 prodit:
547 956 620 1021 haea
637 957 697 1021 ubi
717 958 850 1041 aperuit
865 960 1000 1037 ostium,
1159 960 1206 1026 35

97 1056 275 1122 Continuo
289 1055 346 1118 hic
361 1074 398 1119 se
412 1056 558 1138 conjecit
570 1057 679 1121 intro:
703 1078 767 1139 ego
783 1078 979 1141 consequor.

97 1157 201 1224 Anus
215 1157 344 1220 foribus
357 1156 454 1220 obdit
466 1157 656 1238 pessulum3
681 1157 725 1222 ad
739 1159 851 1223 lanam
864 1160 960 1225 redit.

97 1256 198 1325 Hine
216 1257 296 1322 sciri
311 1256 435 1341 potuit,
452 1265 511 1320 aut
524 1275 689 1342 nusquam
704 1259 797 1335 alibi,
812 1258 931 1338 Clinia,

97 1359 182 1440 Quo
199 1359 316 1424 studio
329 1361 433 1423 vitam
448 1378 544 1422 suam
558 1364 592 1423 te
608 1362 749 1426 absente
764 1364 924 1444 exegerit,

97 1461 174 1527 Ubi
188 1461 233 1525 de
248 1461 437 1543 improviso
451 1461 671 1526 interventum
687 1467 741 1527 est
755 1463 902 1527 mulieri:

97 1562 196 1627 Nam
210 1580 254 1624 ea
267 1580 323 1624 res
339 1559 430 1624 dedit
445 1567 516 1624 tum
529 1563 758 1627 existumaudi
773 1563 907 1647 copiam

99 1663 322 1744 Quotidianae
335 1663 415 1727 vitae
430 1663 718 1741 consuetudinem,

97 1879 185 1929 retulit
202 1879 232 1927 e'a
249 1880 290 1929 oia
308 1880 380 1929 atteri
387 1879 504 1939 soemiaoe.
538 1878 597 1928 Car.
617 1880 732 1936 Quanam
752 1885 787 1929 eet
806 1881 857 1929 trac
873 1883 958 1942 auare,
977 1881 1149 1931 auidieieeaer
1164 1879 1207 1931 irae

97 1941 234 1993 masei
266 1945 315 1994 Su.
331 1944 421 1993 Deeiae
436 1944 591 2003 ieter-rogare,
610 1949 634 1992 et
648 1945 698 1992 eine
714 1945 781 2006 priua
798 1946 895 1995 recitem
913 1947 955 1994 troc
973 1948 1034 2010 quod
1052 1947 1206 2010 carridium.

98 2008 140 2055 Ad
156 2009 185 2057 id
202 2009 266 2072 quod
281 2009 367 2071 queris
382 2007 529 2070 respondebo.
563 2008 622 2056 Cat.
640 2008 747 2057 Fertirra.
779 2009 826 2057 Su.
843 2009 1133 2072 Jampn'mumomnium,
1143 2014 1207 2071 poet·

98 2082 170 2132 uuum
179 2078 320 2136 peruentum
330 2078 365 2121 eat
374 2075 405 2120 ad
416 2074 508 2120 doraum
522 2073 616 2134 multa,
627 2072 718 2121 Drama
732 2074 811 2135 puteat
828 2074 931 2129 ortium,⁴
947 2075 1054 2135 quadam
1069 2088 1128 2122 aaut
1138 2088 1206 2134 egre·

99 2133 186 2194 aum
200 2143 326 2200 postquem
344 2137 394 2185 iuea
412 2151 472 2185 anua
490 2135 585 2184 recreate
596 2136 673 2196 soree,
691 2136 800 2186 conum
818 2136 856 2184 hic
873 2137 962 2185 Dromo
977 2138 1041 2186 intro
1053 2151 1079 2186 ee
1089 2137 1188 2185 euuaier’t
1196 2151 1207 2193 ,·

99 2212 143 2260 ego
153 2215 210 2249 euru
221 2201 272 2265 ipen
282 2203 345 2249 intro
355 2205 466 2263 tanquam
475 2202 524 2262 ejus
534 2215 623 2257 eomer,·
641 2215 701 2249 anua
710 2201 806 2264 apponit
819 2200 907 2249 obicem
917 2200 987 2257 ostio,
998 2207 1022 2250 et
1032 2200 1121 2249 claudit
1130 2202 1204 2250 iliud:

99 2266 233 2314 reuertitur
242 2267 275 2313 ad
282 2265 410 2328 lanificium
421 2264 581 2313 exercendum.
615 2264 657 2312 Ee
675 2265 719 2312 trae
736 2279 764 2313 re
779 2265 875 2325 morai
890 2265 978 2327 potuit,
996 2270 1038 2314 aut
1047 2279 1166 2340 uunquam
1176 2279 1209 2313 ex

101 2327 159 2388 uu,
170 2343 218 2392 qua
228 2329 341 2378 euerritio
351 2329 425 2377 uitam
435 2343 500 2377 ruam
511 2327 654 2389 traduxerit,
670 2329 726 2377 dum
740 2328 823 2377 abeam
833 2329 916 2388 suietr',
935 2343 988 2377 cum
1003 2331 1035 2378 ad
1044 2330 1165 2379 multarem
1180 2329 1208 2376 ia

102 2394 178 2441 meato
196 2407 267 2456 opere
284 2393 335 2453 eiua
353 2408 384 2441 ea
402 2393 519 2454 irruperuto
536 2391 647 2440 uenimus.
681 2393 747 2440 Nam
765 2393 821 2441 tolie
838 2393 972 2455 inopinatae
983 2394 1128 2443 interuentus
1143 2393 1208 2441 dedit

97 2455 239 2512 fucultatem
249 2458 384 2507 aetimundi
398 2456 475 2519 nebu,
490 2470 558 2519 quam
568 2456 757 2506 cousuetudinem
765 2456 822 2506 uita
838 2457 982 2520 quotidiam
992 2457 1108 2508 autumn
1145 2457 1206 2505 Coa·

567 2614 747 2637 Ome

104 2733 145 2780 tue
154 2732 227 2781 inter
234 2731 325 2780 lineae.
344 2731 461 2792 Repone,
471 2745 502 2779 ex
512 2731 564 2792 ipra
575 2731 600 2780 ιἰι
611 2730 672 2780 itere
681 2732 731 2792 hoe,
741 2732 832 2780 altere.
844 2731 988 2779 Banu—88
1001 2726 1208 2780 Adiatuanus.

105 2799 199 2845 3.-34
219 2795 305 2844 Puuat
316 2793 349 2845 G.
366 2794 429 2842 EM.
446 2794 552 2844 Putritat
565 2795 621 2844 ΕΤ.
637 2795 733 2857 ‘Vulg.
753 2795 845 2842 Dromo
853 2796 1010 2856 puttutforer,
1023 2795 1109 2857 prauis
1121 2809 1210 2843 nume·

103 2860 137 2908 rir
148 2866 177 2910 et
188 2859 258 2908 rnale
270 2865 346 2910 uento
358 2863 402 2917 ert,
417 2860 549 2907 occultato
562 2873 622 2907 vero
634 2859 660 2907 in
675 2858 740 2908 theri
751 2861 787 2918 τῷ
797 2859 895 2906 Deam
928 2858 1010 2906 Codd.
1021 2855 1046 2906 A
1058 2864 1085 2906 et
1099 2858 1122 2905 B
1134 2859 1207 2919 puter·-

103 2927 150 2985 ru,
167 2922 295 2986 egregie!
312 2922 386 2972 Batia.
402 2923 446 2985 qui
458 2922 530 2986 tegit,
543 2923 744 2985 puteitatDromo
755 2923 833 2980 soree.
851 2920 914 2970 Par.
924 2922 1078 2983 puteat—35
1096 2920 1141 2970 ΑΙ.
1153 2936 1208 2982 ape·

103 2989 145 3046 rit,
157 2987 230 3052 qnod
242 2987 374 3050 improbat
390 2986 532 3036 Banu—³6
550 2988 593 3036 Sic
606 2986 709 3051 quidem
721 2986 798 3036 libri:
817 2993 846 3034 tu
859 2993 946 3035 tamen
962 2998 1072 3047 repone,
1091 2985 1208 3033 Continuo

103 3051 142 3102 tric
158 3067 184 3102 ee
202 3052 269 3101 tuero
285 3052 389 3112 coniicit.
407 3052 486 3101 Bent.
519 3051 563 3100 Ita
580 3066 683 3116 quoque
700 3052 779 3100 Both.
796 3049 936 3099 Part-aa
952 3050 1027 3098 Bem.
1045 3054 1074 3097 et
1091 3047 1209 3098 nonnulli

104 3116 156 3179 atii,
168 3115 238 3165 Hie:
254 3115 322 3180 quad
333 3123 361 3164 et
371 3116 452 3178 magis
464 3115 567 3177 placet:
585 3130 644 3164 narn
656 3115 725 3179 quod
739 3115 865 3178 requitur,
876 3120 919 3163 aut
929 3128 1044 3177 nusquam
1054 3112 1112 3163 auti
1123 3113 1209 3177 requi·

104 3180 147 3241 rit,
164 3178 218 3228 Hie
237 3179 413 3244 processisse.
434 3193 484 3228 ιιοιι
503 3186 590 3228 autern
612 3177 688 3228 Hine.
710 3179 757 3228 Fa.
802 3179 866 3227 ‘Sic
885 3178 910 3227 in
927 3178 992 3227 GM.
1012 3177 1086 3239 apice
1103 3177 1208 3241 quidem

104 3242 308 3293 nibiuiaaffle.
341 3241 552 3293 A1.fflc.’1>er1.
583 3244 670 3293 ‘Mea
688 3243 801 3308 quidam,
818 3256 876 3291 cum
888 3242 945 3293 ΕΤ.
956 3242 1017 3292 ΕΜ.
1028 3242 1092 3291 haud
1101 3256 1207 3305 uuquam.

106 3307 182 3357 Bodl.
192 3308 388 3370 manauere.
422 3307 457 3355 Et
467 3305 497 3354 τὸ
507 3306 569 3355 haud
580 3308 606 3355 in
617 3308 668 3356 Me.
683 3308 754 3371 Lipr.
766 3306 813 3356 red
824 3305 939 3356 secunda
949 3320 1033 3356 manu.
1061 3306 1105 3355 Ita
1115 3312 1144 3355 et
1153 3305 1209 3354 ΕΡ.

106 3369 224 3421 Praestat
234 3371 324 3428 leutio,
332 3385 408 3435 quarn
418 3369 544 3419 exhibeo:
557 3371 634 3420 Weet.
653 3372 661 3398 ‘
671 3371 725 3420 Pro
734 3377 776 3420 aut
784 3385 906 3434 uuequam,
914 3371 982 3434 quod
991 3384 1055 3418 unua
1064 3376 1165 3420 tautum
1175 3384 1209 3418 ex

107 3435 199 3484 uostris
207 3433 649 3498 hebet,duairauduuaquamreeteri
656 3447 750 3498 magno
758 3449 865 3484 nurnero
874 3435 937 3484 haud
944 3434 1058 3497 uuquam!
1066 3436 1145 3484 Bent.
1161 3434 1208 3481 Br.

109 3496 169 3548 head
178 3513 288 3562 uequam.
307 3498 557 3548 SednotatBrunr.‘
565 3499 608 3547 aui
617 3500 818 3562 nusquam,etsic
828 3500 889 3547 oliru
900 3499 996 3547 lectum
1005 3495 1056 3547 fuit
1067 3498 1151 3548 iqu.
1162 3497 1208 3544 aed

109 3574 174 3614 nune
186 3562 277 3612 deleta
288 3568 330 3611 ert
341 3562 423 3624 prima
431 3561 510 3611 litera
518 3562 589 3612 vecie
599 3563 731 3625 uunquam!
749 3564 823 3611 Haud
832 3568 929 3626 proaut
940 3559 1030 3611 (ineis.
1042 3567 1064 3610 1.
1073 3567 1097 3611 a.
1120 3563 1154 3608 Et
1164 3558 1209 3608 fin.

109 3628 193 3676 2-41
204 3626 295 3677 ‘Unus
304 3639 337 3674 ex
347 3625 442 3688 Regiis,
451 3627 562 3675 numeria
570 3627 728 3690 melioribus,
736 3627 770 3675 N.
778 3641 805 3675 ea
813 3631 862 3675 tum
869 3628 938 3674 read.
946 3641 967 3675 e.
973 3625 1071 3688 copiam.
1084 3625 1212 3674 Ceterum,

111 3689 170 3740 tute
179 3689 375 3739 dirtiuctionem
384 3698 443 3755 post
452 3691 550 3754 copiam.
558 3691 635 3740 Bent.
659 3692 668 3719 ⁸
679 3691 741 3740 Par.
750 3692 777 3740 iu
786 3705 866 3754 marg.
877 3693 952 3740 lacum
960 3704 1007 3753 pro
1015 3686 1122 3752 copiam?
1136 3687 1207 3736 Peri.

604 3849 713 3900 NOTAE

142 3964 348 4015 tuditeroeDum
357 3962 453 4027 narrat]
462 3963 539 4024 Ultor,
549 3963 637 4023 nulla,
677 3958 1209 4026 nogenereapuddutiquosinurufuir'ae

118 4041 180 4105 ruia,
195 4048 272 4099 totae,
294 4041 361 4102 elia,
386 4040 487 4103 attera,
506 4054 561 4103 pra,
577 4040 638 4101 Ulli,
678 4037 830 4087 invenimus.

119 4117 181 4181 ruti,
192 4118 252 4182 ooli,
262 4118 322 4185 toti,
332 4116 385 4179 aiii,
397 4116 482 4180 atteri,
494 4116 521 4166 iu
530 4113 639 4166 foemiui.
