2678 4694
403 308 639 358 erronurours
664 300 748 358 tor».
766 309 806 357 11.
829 308 881 358 so.
896 313 919 358 r.
1156 296 1221 362 941

116 452 189 517 Dis.
211 449 381 515 Incertum
398 459 450 515 est
465 453 544 535 quid
562 472 670 534 agam,
693 452 775 535 quia
790 460 912 534 praeter
926 469 1033 535 spem,
1055 458 1156 536 atquo
1172 454 1220 517 in-

249 553 408 616 credibile
421 554 486 617 hoc
501 555 582 617 milri
599 555 740 636 obtigit:

117 634 174 720 Ita
188 673 262 718 sum
277 654 437 732 irritatus,
461 657 605 721 animum
630 664 668 719 ut
691 675 856 738 nequeam
879 655 922 719 ad
944 654 1156 737 cogitandum
1171 658 1221 720 in·

124 751 129 757 ’
248 753 411 818 stituere:
1174 760 1218 823 10

118 855 349 935 Quamobrem
365 875 491 934 omueS,
507 876 584 920 cum
609 855 779 921 secundae⁴
792 875 845 919 res
867 864 948 921 sunt
966 875 1134 935 maxume,
1151 863 1220 922 tum

249 975 408 1019 maxume

119 1056 280 1121 Meditari
303 1077 416 1120 secum
442 1063 677 1142 oportetque
705 1067 809 1142 pacto
837 1060 1015 1123 adversam
1038 1080 1220 1125 aerumnam

253 1156 364 1221 ferant
380 1179 389 1237 3

117 1257 264 1337 Pericla,
281 1258 413 1337 damna,
428 1259 553 1324 exilia:
576 1279 711 1342 peregre
725 1260 856 1325 rediens
873 1280 1006 1344 semper
1020 1262 1154 1345 cogitet,

115 1450 229 1501 Dubiam
243 1455 279 1500 est
295 1451 363 1512 milri,
380 1450 441 1513 qnid
451 1454 533 1512 smere
549 1455 660 1504 debeam:
685 1452 741 1517 piria
756 1458 838 1503 eontra
855 1455 1039 1517 expectationem
1054 1462 1077 1505 et
1094 1455 1223 1518 opinionem

115 1530 194 1583 stream
204 1516 247 1564 boe
256 1515 315 1564 milri
325 1516 420 1566 accidit
453 1519 494 1566 Ita
502 1520 540 1567 ira
551 1520 659 1567 turbatas
668 1533 730 1579 sum,
741 1524 767 1568 ut
776 1533 887 1581 nequeam
897 1525 997 1568 mentem
1007 1521 1038 1567 ed
1048 1520 1224 1568 deliberandam

113 1580 249 1643 appellere:
261 1586 401 1644 quopropter
411 1597 463 1631 cum
470 1597 583 1644 prospero
588 1581 690 1642 fortuna
697 1583 814 1631 mbiscnrn
825 1588 932 1632 uersatur
942 1583 1054 1645 maxime,
1063 1588 1114 1632 tam
1121 1585 1223 1632 nmxime

113 1652 302 1706 unumquemque
317 1650 423 1693 nostram
441 1647 588 1695 considerare
606 1652 706 1709 oportet,
721 1648 832 1709 quemodo
847 1648 1004 1696 adversitates
1019 1653 1043 1696 ct
1059 1648 1167 1695 miserias
1187 1649 1225 1696 in·

112 1712 232 1767 mentes
241 1710 332 1758 toleret.
367 1709 427 1756 Cam
438 1725 468 1758 ex
478 1711 670 1773 peregrinatione
680 1712 753 1773 redit,
764 1711 878 1773 pericula,
894 1712 988 1775 menna,
1003 1711 1078 1760 exitia
1095 1725 1186 1775 semper
1197 1713 1223 1760 in

115 1930 178 1983 dria
196 1933 302 1995 egregie
320 1934 369 1983 hoe
391 1934 508 1996 expedit,
527 1935 596 1985 inira
608 1952 645 1985 vs.
664 1941 705 1986 51.
738 1936 828 1985 Voluit
846 1935 945 1984 Auctor
964 1932 1158 1986 adolescentem
1174 1949 1225 1987 non

115 1998 231 2047 attritum
252 1998 378 2046 sustinere
397 1999 506 2061 primam
528 2001 618 2061 aciem,
635 2001 728 2049 Getam
749 2002 774 2048 in
795 1999 917 2048 subsidiis
937 2005 1113 2049 tantumesse.
1148 1999 1227 2050 Cete-

116 2075 187 2123 rum,
202 2061 314 2110 Etiamne
324 2063 349 2109 id
368 2062 407 2111 lex
426 2064 514 2124 co'egit,
525 2064 593 2126 quod
614 2065 725 2114 Codices
736 2064 843 2122 habent,
853 2063 957 2110 minime
969 2064 1079 2111 sermoni
1092 2065 1225 2122 congruit:

115 2126 145 2175 id
157 2124 238 2183 enim,
250 2125 324 2188 cujus
344 2127 476 2188 praecipua
496 2128 539 2175 hie
552 2129 590 2176 vis
609 2134 659 2186 est,
679 2128 736 2176 actii
755 2127 858 2175 debeat.
893 2127 982 2174 Codex
998 2126 1104 2187 Regius,
1114 2127 1227 2176 Etiamne

114 2189 186 2238 idne.
219 2189 336 2253 Repone,
355 2190 438 2238 Etiam
456 2191 513 2238 idne
530 2192 568 2239 tex
584 2192 670 2252 co'e'git.
687 2192 766 2239 Beni.
801 2191 841 2238 Ex
858 2203 882 2237 o.
895 2188 957 2236 libb.
975 2189 1047 2237 Geta
1061 2188 1126 2237 dicit
1145 2190 1226 2252 ‘Ego

116 2244 280 2316 expediam‚’
300 2254 441 2302 comniode.
478 2256 544 2303 Nam
564 2258 632 2303 servi
647 2257 759 2303 mraxime
777 2268 830 2302 rem
844 2253 969 2315 expedire
990 2253 1056 2300 inse
1073 2251 1227 2315 suscipiunt,

114 2324 180 2380 riuae
197 2315 322 2379 impedita
334 2325 400 2366 erat.
432 2318 517 2380 Igitur
534 2319 599 2367 male
612 2319 688 2368 Beni.
705 2319 762 2367 bac
779 2317 872 2366 tribuit
890 2315 1028 2366 Pbaedriae.
1045 2316 1111 2364 Peri.
1144 2317 1228 2369 Etiam

116 2380 177 2431 idne
198 2380 276 2428 Both.
310 2381 422 2456 Etiampe
437 2382 463 2429 bt
474 2382 557 2440 facere
576 2384 616 2457 lex
632 2383 780 2458 Delph.-79
799 2381 907 2456 Obtigit]
924 2381 1037 2455 i'rastnt
1059 2379 1116 2427 hac
1138 2380 1228 2442 lectio,

140 2444 1227 2570 titillabit,bbttbttutttt,tutatutauitiauit

117 2576 164 2624 to.
176 2576 202 2621 ⁸.
217 2572 291 2621 West.
349 2574 482 2636 inzerling.
492 2575 517 2620 in
530 2574 660 2623 Promuls.
672 2575 738 2624 Crit.
748 2575 843 2624 Juven.
858 2574 944 2635 tegere
955 2577 1100 2620 tentatorem
1109 2574 1228 2623 mmmm

117 2634 234 2685 frustra.
251 2636 285 2684 lt.
298 2634 332 2685 D.
361 2635 443 2685 Abest
454 2652 563 2686 maxume
574 2639 645 2698 prins
658 2653 673 2686 a
685 2637 774 2686 Guetf.
786 2641 812 2685 2.
828 2636 961 2686 Peri-13
980 2636 1043 2684 Mas.
1057 2636 1127 2697 Lips.
1139 2636 1228 2686 Gran.

118 2708 150 2750 et
166 2698 244 2748 Bodl.
254 2699 335 2760 exilia,
346 2701 440 2749 darana.
458 2700 514 2748 ΕΡ.
527 2701 636 2750 exilium.
668 2701 732 2761 Alii,
742 2701 826 2749 exitia.
845 2701 926 2750 West.
947 2697 1026 2761 Apud
1038 2698 1189 2747 Ciceronem
1200 2699 1228 2748 iu

117 2762 229 2814 Tuscul.
241 2776 284 2813 ιιι.
298 2766 337 2811 lt.
351 2765 387 2812 sic
399 2762 493 2824 sertim,
506 2771 558 2813 tam
576 2766 601 2813 in
621 2764 694 2813 libris
716 2765 794 2812 editis
807 2778 882 2826 quiam
900 2762 1014 2824 scriptis,
1023 2761 1129 2819 Pericle,
1143 2765 1230 2812 damna

116 2834 223 2893 peregre
232 2821 326 2876 rediens
336 2834 425 2889 semper
441 2842 516 2876 rectem
534 2831 631 2889 cogitet.
663 2829 715 2877 Ubi
731 2828 806 2876 exilia
823 2827 907 2881 deest,
917 2833 945 2875 et
961 2827 1018 2888 ejus
1029 2826 1112 2874 vicem
1125 2827 1229 2876 additur

115 2900 211 2943 uram.
244 2890 387 2949 eraeritur,
406 2898 492 2939 rrtrum
505 2906 593 2940 verum
614 2899 641 2941 et
652 2891 768 2940 Terentii
788 2891 830 2940 sit.
864 2892 933 2939 Dico
954 2890 1228 2953 illirdexitiaspurium

118 2963 153 3009 et
163 2955 281 3017 ineptum
302 2968 367 3004 esse.
400 2957 490 3004 Primo
510 2956 636 3005 incertam
650 2956 737 3004 sedem
758 2955 854 3016 lrabet;
872 2956 897 3002 in
910 2968 1004 3016 magna
1023 2955 1139 3002 codicum
1153 2961 1229 3016 parte

118 3019 365 3079 annumerans.
398 3018 511 3069 ACCC.
530 3027 617 3068 erstem
634 3035 739 3081 prorsus
751 3019 834 3068 abest.
863 3017 1229 3080 -Quisporroecciliadixisset

119 3095 233 3134 numero
250 3081 360 3145 plurali?
392 3084 463 3134 Quot
480 3083 557 3132 exilia
569 3085 594 3132 irr
607 3098 658 3131 rina
669 3091 696 3132 et
708 3083 810 3132 modica
829 3081 942 3131 familia?
974 3080 1030 3130 Aut
1041 3083 1167 3144 quomodo
1179 3083 1229 3132 sibi

120 3146 205 3198 exilia
215 3146 324 3209 cogitet,
336 3147 380 3210 qui
389 3147 444 3210 ipse
457 3155 510 3196 turn
524 3162 632 3211 peregre
644 3157 682 3196 est
694 3149 703 3196 i
731 3147 857 3196 Haecine
869 3153 898 3195 ut
909 3145 934 3195 in
947 3160 974 3193 se
986 3146 1117 3197 admiserit
1129 3147 1229 3196 Tereu-

119 3211 196 3261 tius?
228 3210 316 3261 Quare
327 3219 425 3260 certam
444 3226 500 3260 esse
512 3213 581 3274 apud
595 3214 746 3262 Ciceronem
758 3212 922 3274 scripturam,
933 3215 962 3259 ut
974 3218 1001 3259 et
1011 3224 1070 3258 mox
1086 3209 1170 3273 aliam,
1185 3226 1229 3259 au-

119 3275 220 3325 dacter
232 3275 392 3335 pronunties.
425 3276 502 3324 Unde
519 3291 582 3340 ergo
601 3284 689 3326 antrum
706 3283 747 3325 est
762 3275 826 3325 illud
843 3275 926 3337 exilio,
938 3281 983 3323 arrt
1001 3288 1051 3339 quo
1062 3289 1124 3324 casu
1135 3276 1231 3325 matum

118 3340 175 3390 litte
187 3336 281 3400 pedem
293 3338 399 3387 intulit?
434 3339 525 3388 Dicam
539 3341 606 3403 qrrod
618 3343 679 3390 milri
691 3342 717 3389 in
729 3346 842 3390 mentem
852 3340 934 3401 venit,
946 3347 973 3386 tu
985 3339 1113 3390 existima.
1146 3341 1231 3402 Super

119 3404 171 3454 itta
191 3401 272 3451 verba
292 3417 391 3464 peregre
407 3404 501 3451 rediens
521 3407 679 3467 ascripserat
697 3405 756 3454 olim
778 3406 834 3466 quis
856 3405 925 3453 inter
944 3405 1022 3453 lineas
1041 3407 1095 3452 ‘ex
1115 3403 1230 3452 Cilicia?

120 3466 538 3581 titt⁰izt¹⁶nittlitli
552 3469 988 3592 ”einimiip⁰i¹⁵⁰¹iiln¹ii⁸ti³
1001 3469 1068 3578 Ἢ
1082 3467 1231 3580 stitit

120 3593 328 3644 buccinantem.
357 3546 411 3642 'Seii
424 3608 473 3642 nou
497 3600 572 3642 notat
589 3548 682 3656 iila’iri
691 3547 746 3658 qui,
758 3547 830 3642 Edit.
847 3546 1079 3642 Ciceronispvocem
1097 3593 1167 3640 illam
1179 3607 1231 3641 non

122 3657 234 3707 viderit.
267 3658 334 3706 Nam
353 3657 379 3707 iu
397 3658 528 3706 Manh.et
545 3659 605 3721 Bip.
625 3665 697 3708 certe
715 3658 799 3707 adest.
833 3657 904 3705 Alias
925 3671 976 3704 non
997 3656 1108 3717 inspexi.
1141 3656 1231 3707 Redeo

123 3731 216 3772 tamen
230 3719 261 3769 ad
272 3722 378 3770 Terent.
391 3722 466 3770 codd.
479 3730 507 3772 et
516 3722 577 3771 edd.
596 3738 666 3786 quae,
676 3731 742 3786 quot
758 3721 868 3771 certain
885 3729 987 3783 promtu
1006 3720 1066 3768 mihi
1081 3726 1150 3776 seint,
1162 3735 1229 3783 prar-

125 3794 170 3836 ter
190 3786 251 3848 Bip.
267 3786 342 3833 exitia
361 3786 491 3835 exhibent.
525 3787 661 3835 Praeterea
681 3787 738 3835 huie
755 3785 863 3836 dictioni
882 3800 897 3833 e
913 3785 998 3832 verbis
1016 3788 1145 3846 ‘peregre
1165 3784 1232 3834 red!

125 3849 213 3900 omnis
226 3838 289 3897 fides
302 3849 427 3898 accedere
439 3850 549 3901 videtur.
568 3852 636 3900 Peri.
665 3852 766 3913 Pericle,
775 3852 799 3900 d.
818 3863 869 3913 per.
881 3851 930 3899 red.
940 3864 1010 3912 remp.
1021 3862 1098 3897 secum
1107 3847 1171 3910 cog]
1188 3848 1232 3900 sic

126 3911 269 3964 manifesto
287 3913 390 3976 legend.
401 3928 459 3962 cum
472 3915 526 3964 Cic.
558 3914 627 3963 Illud
640 3915 713 3963 exilia
730 3917 795 3963 male
806 3929 839 3962 ex
859 3915 948 3975 Eurip.
960 3912 1085 3971 versibus,
1097 3910 1233 3963 abeodem

128 3978 186 4029 Cic.
198 3978 216 4027 1.
230 3991 252 4026 e.
264 3978 436 4037 conversis,h.
450 3979 467 4026 1.
480 3979 595 4041 irrepsit.
607 3979 665 4042 Bip.
690 3978 783 4027 Cicero
793 3977 977 4035 omittitexitie‚
987 3975 1056 4088 guod
1067 3989 1155 4025 verum
1168 3991 1233 4041 esse,

128 4057 179 4091 nec
198 4041 371 4090 inducendum
387 4040 467 4089 Tullii
486 4057 576 4106 semper
590 4058 667 4092 secum
681 4043 779 4104 cogitet,
789 4042 883 4090 Thesei
900 4041 988 4105 Euripi
1008 4055 1046 4090 ere
1059 4038 1232 4105 fragmentum

131 4106 220 4170 docet,
231 4105 302 4170 quod
323 4105 472 4170 exprimunt
489 4107 654 4159 Terentiana.
689 4107 786 4168 Cogitet
808 4105 859 4157 Gu.
877 4111 900 4154 1.
917 4106 991 4155 Botis.
1024 4105 1121 4166 Cogiter
1137 4112 1167 4156 et
1185 4107 1232 4156 ΒΓ.
