2678 4694
403 330 636 380 ruonuronrs
660 331 743 378 ner.
767 331 805 378 u.
829 332 881 382 ac.
907 334 930 381 r.
1153 320 1219 384 9⁴5

119 473 236 539 Unum
252 476 414 558 cognoris,
430 494 543 540 omnes
559 474 659 538 noris.
703 474 805 538 Prin.
829 474 936 538 Haud
951 475 1000 540 ita
1014 475 1066 541 ’st
1174 478 1219 541 35

121 577 191 640 Du.
214 577 284 642 Hio
299 578 442 642 innoxa
456 583 523 641 est:
545 576 603 640 ille
618 575 663 640 ad
678 573 918 639 defendendam
935 595 1070 641 causam
1086 577 1196 643 adest.

121 677 238 757 Quom
251 680 308 745 ille
323 688 387 759 est,
400 681 455 744 hio
469 683 594 764 praesto
610 686 682 744 est:
705 678 837 743 tradunt
851 698 970 762 operas
985 686 1130 745 mutuae.

119 778 190 845 Gn.
215 781 326 846 Probe
339 781 456 845 horum
470 780 560 845 saeta
574 779 766 863 imprudens
781 778 940 861 depinxit
954 799 1071 844 senex.

118 882 192 947 Da.
208 882 298 947 Nam
314 884 348 947 ni
362 885 436 947 haec
450 884 498 947 ita
512 890 635 960 essent,
651 877 726 946 cum
741 881 801 946 illo
814 880 906 945 haud
921 888 1040 959 stares,
1052 881 1216 948 Phaedria.

118 1048 239 1099 sentiant:
254 1048 276 1098 si
294 1066 367 1100 snam
384 1051 530 1113 munereris,
550 1066 627 1101 ornnes
643 1051 743 1100 meris.
777 1051 830 1099 Ρη.
849 1050 905 1099 Nes
922 1051 957 1099 ita
974 1051 1131 1100 resselutet.
1165 1052 1217 1102 Da.

120 1113 172 1161 Hie
188 1112 274 1163 maius
293 1120 338 1175 est,
355 1117 396 1165 iile
410 1117 442 1165 od
459 1116 625 1176 defendendum
644 1130 729 1163 noxum
745 1121 844 1177 paratas
862 1117 946 1164 adest:
961 1130 1042 1189 operes
1056 1116 1156 1165 invicem
1172 1117 1219 1166 noi

117 1180 261 1226 emmnednto
279 1181 346 1228 dont.
378 1179 429 1230 Ga.
455 1181 574 1243 Expressa
589 1179 757 1238 denusceter
780 1179 881 1228 smnus
904 1181 1029 1242 werpes
1051 1195 1129 1230 mex.
1163 1183 1217 1231 Da.

119 1241 186 1290 Naar
203 1243 226 1290 si
242 1243 291 1291 tce
312 1259 358 1293 noa
377 1245 414 1294 ito
432 1258 457 1293 se
476 1244 597 1305 lulermt,
616 1259 663 1293 noa
681 1249 756 1293 stares
778 1259 793 1291 o
812 1243 920 1306 partitas
930 1243 1081 1307 Antiphone,
1097 1245 1217 1296 Plsaedria.

579 1371 757 1393 ΝΝΙΜΟΗΙ

118 1460 264 1510 Bothe-to
282 1460 376 1510 Mallet
394 1463 521 1526 Gnyetns,
534 1463 589 1512 Hoc
598 1464 635 1512 ite
646 1462 686 1526 ’at,
698 1463 813 1513 tribuens
826 1463 912 1524 Getae,
927 1477 977 1511 uon
991 1463 1125 1513 Pluedrire.
1152 1465 1216 1515 'l'rrm

117 1524 194 1586 duos,
206 1526 250 1588 qui
270 1534 422 1590 sequnntur,
433 1541 524 1576 verens
542 1528 623 1590 delet,
633 1529 671 1577 ita
690 1541 831 1577 sermonem
849 1527 986 1577 ordinans:
1008 1529 1086 1576 Unam
1101 1531 1218 1591 emeris,

116 1604 198 1638 omncs
214 1590 285 1640 norm.
318 1591 371 1640 Ga.
390 1591 445 1640 Hoc
462 1593 498 1639 ita
512 1590 551 1642 ’st
586 1593 662 1642 Probe
678 1592 760 1640 nonu
770 1592 841 1651 facto
859 1592 993 1654 inprudens
1012 1592 1120 1654 depinxit
1136 1608 1216 1644 senex.

116 1654 172 1702 Da.
189 1654 291 1703 Nomai
307 1654 357 1703 lroec
376 1656 412 1703 ito
427 1661 511 1704 essent.
543 1655 611 1706 Sunt
629 1663 713 1704 antem
733 1671 820 1705 verens
834 1657 1000 1720 elegantioris
1022 1657 1176 1719 Latinitatis,
1190 1665 1218 1708 et

115 1717 1216 1849 inutilitati“tellittol³¹¹lzt2⁸¹¹ti..l⁰¹lltllt:{titt
1242 1780 1249 1789 ·

114 1847 191 1895 noris.
225 1846 262 1895 At
273 1847 378 1896 codices
390 1863 423 1896 ex
433 1849 527 1898 nostris
538 1850 644 1913 aliquot,
657 1850 736 1899 Unam
746 1865 799 1899 cum
809 1820 967 1911 siuriaornnes
977 1850 1049 1898 noris
1078 1822 1218 1913 Elqnantri

115 1910 218 1975 gratior
229 1917 270 1959 est
287 1913 343 1960 hac
363 1913 525 1976 simplicitas,
536 1929 612 1978 quarn
631 1915 682 1964 ista
693 1915 820 1964 varietas?
836 1916 911 1964 Best.
947 1915 1025 1964 Unam
1036 1914 1154 1978 cognoris]
1172 1916 1217 1964 El·

114 1974 191 2088 lipsis
202 1975 421 2026 roir‘si'nsitata
440 1979 536 2027 Nostro
554 1985 582 2027 et
600 1979 656 2028 aliis
675 1980 781 2042 optimis
800 1985 882 2029 aucit.
915 1979 1038 2028 Facessat
1057 1979 1138 2041 igitur
1152 1980 1216 2028 illud

116 2054 214 2102 gosem
233 2039 323 2101 instar,
333 2056 384 2103 quo
400 2043 477 2092 Bent.
500 2049 600 2091 textum
622 2045 793 2106 contaminet,
807 2043 885 2092 Unam
904 2057 956 2090 cum
966 2044 1038 2091 noma.
1064 2043 1123 2105 Bip.
1139 2044 1218 2092 Unum

113 2114 170 2153 eom
187 2102 262 2152 noris.
279 2105 357 2153 Bent.
388 2106 466 2155 Unum
482 2121 533 2154 caer
550 2109 659 2169 cognom
677 2109 707 2156 c.
734 2107 785 2155 Sed
798 2107 841 2154 rix
864 2105 1079 2167 reprehendenda
1096 2113 1136 2153 est
1147 2107 1217 2168 vulg.

114 2168 269 2217 Boou—ao.
287 2173 318 2217 ar
337 2169 417 2218 Noxia
439 2172 494 2219 ΕΡ.
515 2179 541 2219 et
565 2173 625 2220 Cum
643 2171 683 2218 ille
704 2173 776 2219 deest.
798 2169 875 2217 Bodl.
901 2170 961 2216 Cam
981 2170 1021 2217 ille
1042 2169 1114 2217 oleat.
1133 2170 1216 2220 West.

115 2231 171 2281 fle
181 2232 207 2280 ia
220 2233 292 2281 nonin
303 2239 348 2294 est,
359 2234 399 2281 ille
417 2236 448 2281 ud
462 2235 631 2294 defendendum
649 2249 742 2282 consum
762 2232 840 2295 adest]
859 2233 892 2280 0.
905 2231 961 2280 fere
971 2231 988 2280 l.
1002 2247 1022 2280 s.
1034 2239 1130 2295 prater
1141 2232 1216 2282 Bem.

114 2302 144 2345 et
156 2297 216 2345 Bas.
227 2305 255 2346 et
267 2299 299 2347 V.
311 2313 374 2346 nora
392 2298 506 2346 habent:
524 2299 591 2363 quod
604 2304 631 2346 et
650 2297 756 2360 adjuvat
768 2311 876 2344 versum.
893 2298 937 2346 Fu.
971 2296 1058 2345 Hicin
1071 2303 1165 2359 uoxmt,
1177 2299 1218 2348 itte

113 2362 149 2409 od
158 2360 327 2420 defendendam
346 2377 438 2411 camur
457 2364 531 2411 adest.
551 2364 611 2410 Cum
621 2361 663 2410 ille
682 2361 774 2424 eet,lic
787 2367 875 2424 proeato
891 2366 941 2410 est:
959 2363 1057 2410 trudant
1068 2376 1151 2424 operas
1166 2379 1218 2411 rna·

112 2430 179 2474 tear.
211 2425 255 2474 Sic
273 2426 402 2474 Fuimus:
419 2426 475 2482 sed,
487 2433 516 2474 nt
533 2426 590 2489 ejus
603 2436 656 2475 tres
676 2426 890 2489 prestantissimi,
903 2425 940 2474 ita
955 2426 1036 2475 nostri
1048 2427 1161 2491 quinque
1172 2441 1216 2476 ve·

113 2488 220 2538 terrimi
241 2490 313 2538 noxio
332 2490 438 2551 habent,
457 2504 508 2539 non
526 2507 597 2542 noxa.
631 2492 709 2540 Latet
727 2491 824 2553 aliquid
844 2491 920 2539 altine
935 2490 1065 2539 mendum.
1100 2491 1217 2555 Repone,

116 2554 183 2602 Geor
194 2553 220 2601 ia
231 2555 303 2602 noxia
314 2554 352 2603 lu'c
363 2559 416 2612 esu·
432 2555 472 2603 ille
488 2557 520 2603 ud
530 2556 699 2615 defendendum
717 2557 794 2603 adest.
828 2555 888 2602 Cnsn
899 2555 939 2602 ille
949 2559 998 2602 est:
1012 2559 1101 2617 presto
1119 2555 1158 2603 liic
1167 2562 1217 2606 erl:

112 2619 216 2667 trndmt
231 2632 313 2682 operas
329 2623 430 2667 mutans.
463 2619 504 2667 Ar
520 2619 699 2679 defendendum,
709 2617 875 2676 subintellige
896 2617 1014 2676 noxiam;
1031 2624 1060 2666 nt
1072 2631 1149 2680 supra
1161 2632 1181 2668 1.
1192 2624 1218 2670 «l.

112 2684 159 2732 47.
192 2683 250 2731 ‘Ut
269 2680 350 2730 fuerit
362 2688 448 2730 vostra
468 2683 551 2730 oratio
570 2682 602 2730 ln
621 2697 648 2729 re
668 2680 817 2744 incipiunda
834 2681 867 2728 ad
889 2680 1077 2729 defendendam
1097 2682 1218 2733 noxiam!

111 2746 196 2807 Sene,
213 2761 271 2793 cum
292 2747 388 2793 dixerit
406 2747 520 2804 anciom
543 2760 704 2808 supervacue
724 2744 835 2793 inferret
853 2759 963 2800 eumnmr
982 2744 1049 2793 addo
1068 2751 1096 2793 et
1115 2745 1217 2809 inscite,

113 2824 176 2860 cnm
188 2825 260 2857 carno
270 2810 349 2857 etiam
369 2811 435 2857 bona
446 2824 503 2856 esse
523 2810 612 2871 possit.
644 2809 739 2856 Prcsto
754 2809 793 2857 lric
803 2813 838 2856 est
845 2825 855 2865 ;
871 2809 908 2857 sic
924 2822 989 2856 nnus
1001 2823 1015 2856 e
1025 2808 1129 2872 Regiis3
1147 2818 1174 2859 et
1186 2827 1217 2860 eo

113 2873 247 2939 poetelio
258 2879 330 2920 recte
351 2872 462 2920 acuitur.
495 2872 573 2934 Apud
594 2871 734 2921 Asconiurn
746 2887 771 2935 p.
786 2876 841 2921 119.
859 2872 935 2921 lrodie
947 2872 1044 2923 editum
1057 2880 1097 2923 est
1107 2890 1178 2937 noxa,
1189 2883 1217 2924 et

110 2939 283 2999 defendendum
291 2950 392 2984 causum.
410 2937 488 2984 Bent.
508 2939 567 2985 Corn
577 2937 618 2986 ille
628 2942 671 2997 ert,
680 2936 718 2984 lic
727 2941 813 2998 proesto
823 2936 870 2998 eat]
887 2938 993 2986 Nullum
1011 2937 1113 2986 invenio
1124 2939 1216 2988 libnrm

112 3003 209 3067 quiite
226 2999 330 3059 lrabeat,
341 3006 437 3063 prater
448 3001 482 3048 V.
498 3001 559 3050 Bas.
575 3009 603 3049 et
619 3001 805 3050 victorianum.
840 3001 901 3063 Alii,
913 3001 958 3048 sed
978 3002 1053 3064 pauci
1069 3002 1216 3065 admodum,

113 3067 237 3132 postilla,
251 3065 345 3113 nullum
358 3065 464 3113 verbnm
475 3065 580 3113 habent.
613 3064 644 3113 In
654 3065 749 3114 celeris
761 3065 886 3127 omnibus,
898 3067 966 3114 inter
976 3080 1038 3129 quos
1050 3073 1091 3114 est
1100 3074 1127 3114 et
1138 3067 1216 3115 Bern-

114 3132 202 3189 binns,
220 3130 315 3189 legitur
332 3129 413 3177 uberte
431 3130 499 3193 qnod
518 3131 597 3178 etiam
616 3129 722 3178 verbnm
743 3130 839 3178 liabent
857 3145 880 3179 o.
893 3130 909 3178 l.
921 3144 941 3177 s.
959 3130 1068 3192 Donati,
1088 3130 1218 3181 duntaxat

114 3204 206 3247 tamen
226 3194 268 3242 ubi
281 3194 358 3241 verba
376 3195 492 3242 Terentii
509 3200 641 3243 recenset:
659 3208 717 3243 nam
736 3194 761 3242 in
779 3194 940 3257 expositione
959 3195 1118 3256 apertissime
1141 3196 1216 3259 legit,

116 3258 232 3308 Camillc
249 3263 300 3306 est:
317 3258 385 3321 quod
398 3266 425 3306 et
442 3273 491 3322 ego
502 3259 592 3308 melius
608 3259 736 3307 existimo.
752 3260 799 3308 Fa.
834 3259 924 3308 Nostri
942 3273 1039 3321 omnes,
1051 3260 1161 3308 Cumille
1172 3267 1215 3311 erl.

114 3326 199 3373 Bent.
232 3322 324 3382 Nuria,
341 3335 392 3368 non
410 3337 472 3371 noxa
490 3324 636 3384 legendnm.
654 3324 686 3372 R.
699 3325 735 3373 D.
764 3325 794 3371 C.
804 3325 822 3372 ι’.
833 3326 909 3385 adest,
922 3324 961 3372 llic
979 3339 1016 3386 pr.
1033 3331 1070 3374 est
1086 3322 1175 3375 Guelf.
1189 3330 1214 3376 ³.

114 3387 194 3438 Adest
205 3386 270 3435 GM.
280 3385 351 3434 Perl.
370 3385 420 3432 Hic
429 3391 465 3434 est
475 3387 502 3433 ia
512 3389 594 3449 noem,
604 3389 644 3437 ille
655 3390 685 3436 nd
696 3389 863 3448 defendendam
873 3389 951 3452 umet]
965 3389 1073 3437 Versum
1086 3403 1119 3437 ex
1132 3390 1214 3438 Asco-

115 3452 162 3501 nio
174 3450 200 3498 iu
213 3451 270 3499 Cic.
281 3451 358 3499 Verr.
378 3447 438 3498 Act.
449 3463 480 3497 11.
494 3454 534 3498 12.
550 3459 672 3513 corrupte
689 3453 727 3500 sic
744 3467 770 3499 se
789 3452 938 3513 habentem,
951 3453 1000 3500 Hic
1010 3455 1036 3501 in
1047 3468 1109 3502 nexo
1120 3457 1164 3513 est,
1174 3453 1217 3501 ille

115 3518 150 3566 od
172 3515 339 3574 defendendum
358 3528 451 3562 cousom
471 3515 547 3573 odeat,
570 3516 736 3564 restituimus.
771 3516 873 3562 Caurum
894 3515 995 3563 addidit
1022 3517 1126 3564 sciolus.
1161 3516 1216 3564 Nos

116 3579 241 3630 Bentleio
263 3579 342 3627 lenius
363 3578 525 3640 corrigimus,
543 3577 697 3629 retrahendo
714 3577 744 3624 τὸ
764 3582 808 3637 est,
827 3585 855 3624 nt
878 3591 928 3625 non
949 3592 1013 3638 opus
1035 3579 1069 3626 eit
1089 3592 1146 3626 curn
1170 3579 1215 3628 illo

116 3651 291 3707 contorquere
312 3649 432 3691 metrum.
462 3642 520 3704 Bip.
553 3642 584 3691 ln
605 3641 677 3691 nario
698 3641 737 3690 ln‘o
754 3646 807 3690 est?
829 3641 869 3689 r'lle
890 3643 921 3689 ud
942 3641 1110 3701 defendendum
1129 3644 1215 3702 adesir

118 3707 167 3759 llle
183 3706 239 3757 est?
260 3707 299 3755 trie
314 3721 340 3769 p.
355 3712 407 3764 est,·
426 3712 458 3756 tr.
479 3722 516 3768 op.
537 3705 642 3768 mutuas]
658 3707 735 3768 vulg.
755 3705 781 3753 iu
803 3719 881 3753 nexu:
897 3705 943 3754 sed
961 3706 1078 3770 plerique
1096 3706 1171 3755 codd.
1188 3707 1215 3756 in

116 3772 159 3822 lris
187 3771 220 3832 B,
244 3777 273 3819 et
295 3778 359 3820 vett.
382 3770 441 3819 edd.
472 3772 520 3819 llic
541 3771 566 3819 ia
585 3772 660 3823 necin
680 3775 725 3830 eat,
746 3769 813 3817 unde
830 3770 885 3831 jam
908 3770 1054 3820 Glareanus
1077 3770 1215 3820 Helvetius

118 3836 234 3950 ‘ciiii
250 3833 1216 3964 lsst'l·..55:333:titttn.⁵¹¹²vtl.it‘⁸ttlt..“l“t..⁸tl¹ll·

269 3934 276 3948 e
332 3935 337 3949 s
674 3930 682 3949 Ι
1002 3933 1008 3947 ⁰
1205 3935 1214 3960 p

119 3965 214 4027 quibus
236 3978 287 4012 uon
309 3970 365 4012 erat
388 3964 456 4025 quod
479 3963 670 4026 obtemperaret
691 3962 804 4025 optimus
825 3962 903 4013 Bent.
925 3964 999 4012 Bella
1020 3964 1051 4011 ln
1072 3962 1144 4011 noxia
1166 3965 1213 4015 Br.

120 4031 216 4080 Pmsto
238 4029 277 4077 se
297 4033 334 4077 est
355 4028 491 4076 Peri-88
510 4028 585 4077 Proto
600 4025 689 4089 eornm]
718 4027 752 4075 0.
776 4026 793 4075 l.
816 4041 838 4076 a.
860 4034 888 4076 et
908 4028 1035 4087 Donatus,
1055 4027 1143 4077 domm.
1168 4029 1213 4081 Fa.

121 4095 180 4143 Duo
198 4108 230 4142 ex
249 4093 343 4141 nostris
360 4105 448 4140 eorum.
466 4092 542 4141 Bent.
576 4093 670 4140 Horum
688 4092 748 4139 Vct.
770 4090 833 4140 Cod.
851 4092 921 4140 Lind.
955 4092 1044 4140 Eorum
1064 4092 1093 4141 Z.
1113 4093 1211 4156 Delph.

120 4157 202 4208 Prole
221 4158 265 4206 Br.
282 4157 330 4206 nisi
348 4157 382 4205 sit
400 4170 473 4205 error
494 4157 661 4220 typum-³9
676 4154 781 4206 Servius
801 4170 845 4220 prro
861 4157 902 4205 illo
924 4156 997 4220 legit,
1012 4157 1045 4206 ad
1064 4157 1137 4221 Virg.
1156 4159 1212 4207 lEn.
1278 4218 1281 4223 Ι

185 4239 272 4303 Delpl.
285 4244 308 4288 et
319 4238 376 4288 Ver.
387 4239 452 4288 Cloe·
623 4238 719 4288 Terent.
1089 4243 1104 4287 a
1123 4241 1147 4288 0
