2678 4694
116 313 180 378 680
490 320 726 370 n.rnnunr11
753 318 839 370 cunr

117 469 211 550 Quid
227 466 336 532 dixtil
381 466 446 531 sn.
469 464 649 529 Ademtum
664 462 725 528 tibi
742 463 814 548 jorn
829 462 913 526 taxo
927 476 1062 523 ornnem
1079 461 1203 534 metum,
1248 450 1250 477 '

117 573 157 636 In
174 589 286 635 aurem
300 568 460 632 utrumvis
475 568 586 632 otiose
602 574 639 630 ut
654 566 809 630 dormias,
1149 561 1203 625 101

118 672 223 737 Cn1r.
256 669 347 748 Quid
375 689 438 752 ago
465 671 576 734 nuncl
621 668 731 734 Curru.
766 667 883 731 Tunet
918 663 1010 747 quod
1041 663 1124 728 boni
1147 667 1203 727 est.

248 770 352 835 Gnr'r.
374 771 467 854 Syre,
483 770 538 834 dic
556 769 655 834 modo

118 873 255 938 Verum.
299 874 364 937 St.
389 872 461 954 Age
477 872 590 951 modo,
604 872 704 936 hodie
718 891 804 949 sero,
818 889 859 935 uc
871 868 1096 952 nequicquam
1107 866 1203 932 voles

118 974 226 1039 Cum.
250 976 376 1038 Datur:
397 975 505 1039 fruare
520 976 601 1038 dum
614 975 705 1049 licet,
719 994 796 1038 nam
811 972 953 1050 nescias,

117 1076 201 1159 Ejus
216 1077 260 1138 sit
275 1081 425 1157 potestus
439 1076 590 1157 posthac,
605 1095 649 1138 an
661 1094 834 1158 nunquam
850 1071 924 1138 tibi.
1151 1070 1205 1133 105

118 1180 224 1246 Cnrr.
246 1177 343 1259 Syre,
358 1178 503 1259 inquam.
547 1177 610 1242 Su.
634 1175 739 1257 Perge
762 1193 885 1258 porro;
907 1179 1021 1236 tumen
1040 1170 1129 1235 istuc
1142 1187 1205 1253 ugo.

117 1409 172 1444 cuce
190 1401 348 1446 reuertuntur.
390 1396 448 1446 cnr.
466 1394 551 1445 Heln!
584 1396 649 1452 Quid
665 1394 769 1444 dixisti?
809 1394 855 1442 Su.
872 1394 930 1442 Jcm
949 1392 1056 1452 onerum
1075 1399 1206 1463 emen

116 1460 194 1508 culmo
205 1466 299 1517 melum,
310 1468 336 1509 ut
348 1461 483 1523 tranquille,
499 1460 582 1521 ubsque
591 1460 749 1518 solicitudine,
758 1473 863 1507 somnum
873 1457 960 1520 cupiet.
994 1456 1056 1504 Cur.
1075 1453 1206 1513 Quiesce

117 1523 198 1575 nunc?
232 1527 276 1575 Cn.
295 1526 455 1588 l'unequoeric
469 1525 525 1587 quid
536 1522 634 1583 snclcel
650 1523 695 1572 tilu'
705 1523 794 1585 aliquid
810 1523 863 1570 boni
872 1522 972 1581 fortune
982 1519 1205 1584 offerufruerece,

117 1589 245 1638 dumllcet.
280 1590 337 1638 Cnr.
356 1591 461 1654 Myre,
482 1589 521 1637 dic
540 1603 601 1637 nunc
619 1603 672 1636 uere
686 1587 754 1647 milu',
767 1587 823 1650 quid
835 1586 918 1646 fucere
932 1584 1011 1633 deleo.
1044 1585 1092 1633 Su.
1109 1583 1207 1644 egeln

86 1682 89 1687 ·
118 1655 193 1713 modo,
202 1668 247 1713 nge
258 1669 318 1702 nunc
325 1669 334 1709 ,·
350 1668 404 1701 unm
415 1653 484 1701 nodie
495 1655 562 1701 tunde
578 1668 606 1700 ne
618 1653 714 1711 fruelru
725 1651 787 1699 enlm
797 1664 876 1711 cgere,
887 1649 909 1698 ei
920 1647 1027 1711 differet.
1062 1647 1110 1696 Cr..
1129 1647 1205 1694 Cenu-

117 1716 185 1764 dilur
195 1717 239 1764 tibi
249 1717 304 1774 frui
322 1719 412 1774 dmiccc
422 1717 517 1778 fruere,
536 1719 591 1765 dum
608 1731 651 1779 per
666 1716 806 1764 occasionem
817 1715 888 1770 licelt
903 1728 957 1760 num
968 1713 1107 1772 ignormurr
1120 1710 1207 1774 puellm

119 1778 169 1836 ejus
179 1781 215 1828 cel
226 1780 271 1828 tili
280 1781 387 1839 sucultce
403 1783 480 1828 detur.
514 1779 572 1827 Cn.
590 1779 663 1842 Syre,
677 1780 779 1841 iuquam.
812 1778 861 1828 Su.
880 1778 958 1838 Perge
974 1777 1038 1825 ultro
1052 1778 1078 1824 in
1097 1790 1134 1823 me
1149 1787 1205 1822 ceno·

574 1935 754 1957 novenum

121 2054 164 2104 ΑΙ.
181 2054 237 2118 quid
249 2055 302 2103 doni
313 2059 357 2104 eet.
376 2050 464 2104 duell.
477 2058 502 2103 2.
514 2056 664 2117 quod-lon
682 2053 724 2104 Ar.
736 2053 840 2116 disting.
852 2051 923 2117 Syre,
934 2051 973 2102 dic
992 2053 1076 2101 medo:
1094 2067 1205 2101 cerum-

119 2117 167 2169 lot
183 2119 245 2180 Alii,
262 2120 343 2168 Detur
355 2120 515 2178 mcdofruere.
532 2118 651 2184 Utroque
662 2119 738 2169 modo
749 2127 856 2168 metrum
874 2123 985 2166 constet.
1005 2118 1081 2167 Wert.
1102 2119 1162 2167 ‘Sic
1169 2116 1204 2163 de·

120 2184 212 2233 ditFn.
223 2185 297 2232 etsie
310 2184 415 2242 hebent,
426 2184 469 2248 qui
482 2192 620 2246 supersunt
632 2183 744 2233 codices.
765 2183 867 2231 Primus
877 2182 944 2231 vidit
955 2178 1024 2230 Mur.
1040 2187 1076 2230 ent
1093 2181 1135 2229 lric
1143 2185 1205 2244 (port

119 2248 198 2296 verba
209 2250 269 2309 quod
281 2248 345 2311 doni)
357 2248 494 2295 delendum
506 2262 581 2307 esse3
596 2254 623 2297 et
634 2249 725 2298 Cliniae
735 2262 887 2306 sermonem,
900 2247 967 2302 Quod
979 2245 1032 2293 boni
1043 2245 1207 2305 dntur‚frucre

118 2314 173 2360 dum
183 2313 246 2369 licet,
256 2312 408 2374 interrumpi
420 2327 427 2370 3
446 2311 505 2359 dum
518 2311 633 2374 Clitipho
645 2326 703 2361 curn
715 2313 780 2374 Syro
792 2327 861 2359 snam
872 2325 924 2358 reru
937 2309 1000 2373 egit.
1036 2309 1144 2359 Partem
1158 2307 1203 2357 reri

118 2375 200 2434 vidit;
220 2382 320 2436 partem
338 2377 461 2439 reliquam
480 2377 670 2425 nuncnbsolvo.
704 2376 750 2423 Bis
766 2377 832 2424 enim
845 2376 938 2424 Cliniae
956 2373 1040 2421 oratio
1054 2375 1205 2436 praeciditnr.

118 2439 259 2500 Eugrupltii
272 2440 437 2498 auctoritate,
453 2438 532 2501 [Vide
551 2440 615 2490 Not.
633 2440 708 2502 Van]
726 2447 754 2489 et
771 2440 851 2502 ipsius
863 2439 997 2488 sententie
1010 2437 1103 2499 ductu,
1114 2439 1206 2486 sicver·
1244 2466 1247 2471 ›

119 2517 161 2550 cus
178 2503 225 2549 hos
244 2503 390 2552 constituo:
410 2503 474 2558 Quid
484 2518 530 2563 rgo
542 2509 620 2552 nuuc?
637 2503 714 2552 cur.
728 2505 807 2552 Tune?
822 2506 882 2567 quud
893 2504 979 2551 lcnl-
997 2502 1073 2551 Cur.
1090 2503 1162 2566 Syre,
1175 2500 1207 2549 dic

118 2568 185 2614 modo
201 2566 295 2614 Verum.
312 2567 379 2616 Suu.
398 2566 451 2627 Age
462 2569 545 2614 modo:
563 2568 631 2616 nodie
647 2582 697 2615 cero
708 2583 736 2615 uc
746 2569 897 2632 nequicquam
912 2568 983 2616 uolet.
1003 2566 1083 2615 Cnrn.
1101 2567 1139 2614 Dt'
1149 2569 1206 2624 dntt,

56 2642 64 2651 ·
112 2629 199 2690 fruere
215 2634 270 2679 dum
281 2632 350 2680 licet:
366 2646 421 2679 num
431 2631 552 2678 neencc-
572 2630 647 2680 Cnrn.
665 2628 734 2694 Syre,
743 2632 847 2694 inquunt.
864 2632 932 2680 Sunt.
950 2631 1028 2690 Perge
1045 2635 1207 2691 perculerunt

117 2696 180 2743 istuc
190 2711 243 2756 ugo.
262 2695 342 2744 Criu.
363 2696 420 2756 Ejus
432 2698 464 2743 n't
481 2700 585 2756 potestne
595 2696 691 2758 poctlcuc
701 2709 865 2756 ennumquam
881 2696 934 2744 elli.
950 2695 1023 2743 cnr.
1046 2694 1134 2742 Verum
1142 2691 1208 2742 hercle

117 2758 179 2806 ictuc
190 2765 241 2807 eet:
259 2759 327 2822 Syre,
340 2757 410 2823 Syre,
419 2760 521 2821 inquam,
532 2761 588 2807 heus
599 2760 654 2808 lceue
665 2759 735 2822 Syre.
758 2759 836 2808 Hunc
849 2758 936 2808 addidi
948 2769 1032 2805 notum
1043 2785 1085 2817 —‚
1098 2767 1127 2806 nt
1138 2756 1207 2805 verbe

117 2823 270 2886 interrumpi
294 2823 443 2872 indicarem.
482 2823 616 2885 Ceterum,
634 2824 702 2884 qnod
726 2836 814 2871 versus
833 2823 877 2886 qni
898 2823 925 2870 in
945 2820 1056 2883 Scriptis
1079 2823 1207 2885 Editlsquc

117 2891 222 2950 quartus
242 2893 292 2948 est,
315 2903 380 2936 nunc
401 2903 416 2934 a
434 2901 475 2934 me
496 2887 598 2950 quintus
620 2887 672 2946 cit;
697 2901 749 2934 non
766 2887 822 2948 jnrn
842 2885 1014 2948 Engraplrinrn
1037 2887 1153 2948 appello,
1169 2883 1207 2934 sed

117 2965 171 3000 reru
196 2952 285 3014 iprum.
318 2952 370 3000 Pro
393 2952 483 3010 Datur,
514 2949 582 3012 quod
609 2949 712 2998 codices
737 2951 844 3012 hubent,
863 2950 966 3012 reposui
989 2949 1025 2998 Di
1047 2950 1123 2998 dunt!
1140 2950 1207 2998 Bent.

117 3015 161 3078 qui
172 3017 250 3063 etiam
264 3015 371 3064 ulterius
384 3023 468 3069 notat,
481 3014 584 3061 ‘nullus
603 3027 635 3061 ex
657 3014 753 3062 nostrie
772 3015 851 3064 hebet
868 3013 953 3065 mono!
986 3014 1052 3062 Dum
1063 3015 1129 3063 li'cet.
1150 3015 1206 3064 Nun

117 3081 172 3126 licet
195 3079 241 3126 Bc.
261 3079 305 3125 ubi
327 3085 401 3125 notut
423 3078 516 3126 Brunu.
542 3078 618 3125 ‘lraec
640 3091 691 3126 vox
716 3079 782 3141 [licet
806 3077 948 3141 posteriue]
970 3086 1105 3141 expuncta
1127 3078 1205 3128 estin

117 3142 225 3189 codice=
243 3143 320 3198 male,
342 3155 383 3189 me
401 3142 503 3202 judice,
525 3140 644 3204 quonlam
663 3156 772 3206 sequens
793 3147 870 3192 tumen
893 3143 925 3191 ud
949 3156 1006 3190 eum
1029 3141 1122 3190 referri
1145 3141 1207 3190 vide·

118 3204 177 3253 tur.’
208 3207 216 3233 ‘
242 3205 338 3253 Verbis
357 3207 417 3267 quod
446 3205 510 3266 boni,
540 3207 694 3268 interruptis
724 3207 838 3270 quidem,
868 3206 914 3255 sed
944 3221 995 3255 non
1028 3204 1207 3269 disjungendo,

116 3269 182 3317 mule
193 3268 308 3317 additum
318 3274 364 3330 eet,
382 3269 449 3332 quod
468 3270 537 3320 Mnr.
554 3269 691 3319 delendum
704 3284 759 3319 esse
775 3271 847 3333 vidit,
863 3277 987 3334 recteque
999 3270 1125 3318 omittunt
1136 3271 1207 3319 Beni.

117 3338 145 3381 et
166 3333 293 3395 Minerua,
315 3347 371 3381 curn
394 3333 498 3381 verbnm
514 3334 599 3396 iprum
627 3349 686 3382 nrox
703 3342 836 3398 sequatur,
851 3337 911 3398 quod
927 3333 1126 3383 boni...dctur’
1152 3332 1205 3394 nio.

118 3398 178 3445 Non
192 3397 319 3460 intelligo,
331 3397 416 3462 inquit
429 3399 505 3446 Both.
518 3413 563 3446 cur
576 3405 685 3461 reponet
697 3399 774 3448 Bent.
785 3399 822 3447 Di
832 3401 890 3448 dunt
902 3413 949 3461 pro
960 3399 1148 3448 Datum-105.
1163 3399 1204 3446 1⁰6

118 3460 175 3510 Hos
185 3461 249 3510 duos
261 3476 310 3510 vss.
323 3462 478 3525 tranuposite
490 3462 601 3511 reddunt
613 3464 690 3511 Bent.
702 3464 762 3526 Bip.
782 3463 854 3512 Perl.
874 3463 951 3513 Both.
968 3462 999 3511 Si
1018 3468 1078 3525 post
1095 3462 1165 3524 njis,
1182 3465 1209 3508 et

615 3578 724 3629 NOTAE

148 3683 194 3729 lor
213 3680 243 3727 ln
254 3677 369 3726 utrumn
379 3692 460 3727 curem
474 3677 644 3726 oliceeutdcr·
685 3677 851 3738 cumbnmns3
875 3690 934 3725 cnm
953 3676 1104 3738 experrecti
1128 3673 1206 3725 redcr·

115 3753 187 3817 mico]
213 3755 244 3804 In
269 3754 391 3804 utrumvis
410 3767 496 3802 unrem
520 3752 643 3815 dormire,
683 3753 748 3801 mire
761 3753 888 3815 cupimus,
909 3752 974 3800 utin
987 3751 1129 3802 sinistram.
1161 3748 1206 3803 Qui

116 3838 164 3888 est,
176 3833 260 3881 animo
269 3834 353 3882 otioso
364 3846 506 3895 securoque
514 3845 579 3880 esse.
592 3832 641 3879 Eo·
683 3833 769 3878 autem
781 3829 832 3876 levi
850 3842 939 3877 somno
957 3827 996 3876 uti
1015 3829 1082 3891 vult,
1105 3830 1132 3878 in
1151 3842 1205 3878 nen·

115 3907 175 3956 dem
186 3923 262 3956 sensu
274 3908 341 3959 dixit
353 3909 468 3958 Plinius:
487 3907 495 3935 ‘
508 3906 578 3955 Nihil
591 3914 640 3967 est,
682 3912 748 3954 tram
759 3903 886 3952 incumbit
895 3917 991 3959 arrrem,
999 3917 1050 3968 qno
1058 3902 1160 3954 facilius
1168 3917 1205 3953 er·

115 3984 184 4046 quod
196 3984 222 4031 in
234 3984 350 4034 dextram
363 4000 460 4045 arrrcm,
477 3983 571 4032 fiducia
582 3984 641 4044 mei,
679 3975 817 4047 per'gefiut.

103 4059 244 4108 dormias!
275 4062 422 4111 Admonent
439 4060 533 4111 medici
556 4064 593 4120 ut,
614 4060 640 4108 in
714 4064 761 4107 106
778 4059 851 4121 Syre,
872 4055 979 4119 inquom]
1003 4056 1119 4120 Clitipho
1140 4067 1205 4105 revo-

115 4137 198 4202 primo
210 4151 307 4196 somno,
324 4141 348 4188 in
368 4153 453 4189 eurem
473 4139 591 4188 dextrum
604 4137 640 4186 in·
682 4141 725 4184 eut
735 4134 827 4197 Syrum
839 4131 1023 4182 discedentem.
