2678 4694
190 284 255 352 660
567 298 597 348 u.
620 299 802 349 rnnnunrr
826 298 914 348 nrm

192 444 237 511 Et
255 440 347 509 illem
375 442 476 506 simul
498 461 574 507 cum
600 443 715 508 nuntio
740 443 801 508 tibi
824 444 878 507 hic
903 463 965 524 ego
989 442 1167 509 affuturam
1188 440 1284 511 hodie

323 562 414 608 scro:

194 643 305 712 Proin'
331 651 367 709 tu
395 644 642 710 solicitudinem
667 645 768 710 istem
797 645 930 725 falsam,
955 666 1029 729 quae
1053 652 1086 711 te
1108 647 1287 727 excruciet,

322 747 442 812 mittes.

194 851 263 917 Cu.
285 850 429 929 Quicum
443 848 590 931 loquitur
604 847 717 913 filiusi

195 953 260 1017 Cr..
282 952 384 1016 Peter
408 949 516 1027 adest,
540 969 637 1033 quem
663 950 771 1019 volui:
804 949 914 1016 adibo.
960 951 1075 1030 Pater,
1098 959 1286 1035 opportuno

323 1052 474 1118 advenis.
1269 1057 1288 1118 5

197 1153 264 1221 Cn.
287 1154 380 1234 Quid
406 1154 441 1219 id
470 1155 544 1217 esti
590 1152 653 1217 cn.
676 1152 779 1217 Hunc
809 1153 1043 1219 Menedemum
1058 1155 1195 1234 nostin',
1217 1175 1288 1220 nos·

325 1259 411 1319 trum
425 1255 595 1320 vicinumi
642 1253 710 1320 Cu.
733 1254 857 1320 Probe.

197 1357 264 1424 CL.
286 1355 380 1421 Huic
408 1357 512 1422 filium
541 1358 610 1421 scis
639 1356 737 1421 essei
781 1354 848 1422 CH.
878 1356 1004 1424 Audivi
1030 1377 1105 1423 esse
1132 1358 1168 1421 in
1199 1357 1288 1425 Asin.

326 1456 392 1524 Cu..
416 1456 497 1523 Non
513 1465 576 1536 est,
591 1465 704 1540 peter:

196 1559 298 1644 Apud
313 1580 373 1624 nos
389 1565 450 1624 est.
495 1558 562 1624 Cu.
585 1558 677 1637 Quid
697 1559 764 1624 ais!
811 1556 876 1624 Gn.
899 1556 1159 1639 Advenientem,
1176 1580 1197 1624 e
1213 1560 1288 1629 navi

327 1641 560 1742 egredientem,
575 1660 666 1724 illico

195 1762 336 1826 Abduxi
362 1760 404 1824 ad
428 1781 580 1825 coenam:
602 1781 679 1825 nem
706 1758 787 1824 mibi
809 1781 930 1845 magna
952 1781 1026 1827 cum
1051 1782 1092 1827 eo
1108 1761 1185 1846 jem
1215 1763 1289 1829 inde

324 1881 430 1947 usque
445 1882 468 1927 e
482 1863 624 1947 pueritia

196 2043 269 2094 erton
277 2044 318 2093 itio
335 2051 359 2094 et
369 2044 458 2094 Dromo
466 2059 555 2105 cmc,
565 2045 644 2107 puiod
652 2059 704 2093 earn
713 2046 873 2094 accersendam
884 2042 966 2093 micros
976 2050 1020 2105 ent,
1035 2041 1136 2094 nimium
1146 2044 1189 2096 din
1203 2062 1290 2098 moron.

198 2113 254 2167 tum·
271 2109 352 2158 etacio
361 2110 426 2158 iilum
436 2109 505 2158 indie
515 2108 645 2172 nffntnrnm
655 2109 693 2157 iiic
707 2123 755 2158 una
765 2124 817 2158 curn
831 2110 913 2158 nuntio
923 2110 1058 2158 Dromne:
1073 2110 1126 2158 ideo
1136 2111 1226 2173 depelle
1236 2113 1290 2161 inne

197 2188 278 2223 curum
289 2172 355 2231 scito
371 2178 513 2236 conceptum,
529 2189 579 2236 quo
595 2173 664 2234 ungit
679 2173 782 2222 animum
797 2177 871 2222 tuum.
889 2172 957 2221 ⁴Cu.
976 2173 1050 2226 Quenr
1071 2175 1199 2238 nibquitm
1207 2175 1291 2240 filiuni

199 2237 245 2286 Cr..
263 2238 338 2290 Peter
348 2237 451 2297 aduenit,
466 2253 532 2299 quern
550 2238 687 2287 desiderati.
718 2237 876 2289 ddeumibo.
913 2238 1030 2298 OPnter‚
1047 2239 1137 2287 accedis
1154 2241 1291 2302 temporive.

199 2299 252 2350 Cu.
272 2301 337 2356 Quid
351 2302 411 2350 abac
429 2306 473 2362 ert,
480 2303 643 2364 propterquod
654 2301 788 2364 tempestiue
797 2298 900 2350 accedo?
933 2301 980 2350 Ct..
999 2301 1099 2350 Nostine
1110 2303 1172 2351 bunc
1181 2304 1289 2354 Menede-

199 2378 262 2423 tunm
282 2364 386 2413 monum
406 2369 528 2414 nostrum?
560 2366 613 2414 Cu.
633 2365 704 2414 Recte
720 2366 775 2414 nori
795 2380 853 2414 eum.
887 2364 934 2414 Cr..
951 2365 1005 2414 Scir
1025 2380 1078 2413 enm
1096 2367 1182 2415 babere
1196 2368 1290 2432 filiunt

200 2426 253 2476 Cn.
270 2426 361 2477 Audiri
375 2443 428 2477 enm
438 2428 519 2479 ereein
531 2429 597 2477 Ario.
631 2429 677 2477 C1..
698 2430 721 2476 0
734 2430 818 2489 Pater,
828 2444 874 2478 non
884 2435 921 2477 eet
930 2428 956 2476 in
966 2427 1043 2486 Atio5
1059 2430 1087 2477 in
1101 2430 1193 2479 oeditur
1208 2433 1290 2481 nortrir

199 2495 243 2540 ert.
277 2491 329 2542 Cu.
348 2491 497 2548 Qniddicirt
529 2493 576 2542 Cc.
595 2492 813 2542 Continuommad
825 2492 981 2543 coennmduci
996 2496 1225 2545 exeuntemencni:
1240 2511 1290 2547 nnn

202 2738 205 2743 ’
233 2749 246 2794 1
264 2745 314 2795 Aut
326 2746 445 2808 probnnd
456 2743 543 2794 Guelf.
555 2749 629 2796 2.-2
645 2746 742 2795 Vernus
760 2745 801 2795 bic
822 2758 913 2795 novem
931 2743 1026 2806 pedum
1043 2750 1097 2793 eet:
1117 2742 1172 2807 qni,
1188 2745 1209 2794 ei
1222 2758 1290 2795 exeo

200 2809 287 2859 demae
303 2824 443 2873 pronomen
459 2825 512 2872 ego,
529 2810 596 2874 quod
618 2824 700 2874 neque
724 2811 750 2858 in
770 2811 845 2861 Beue.
865 2816 915 2870 est,
932 2822 1016 2871 neque
1036 2808 1061 2855 in
1080 2806 1212 2873 pinnisque
1231 2810 1291 2871 aliie,

198 2873 281 2936 adhuc
295 2871 381 2923 tamen
393 2880 510 2923 remanet
526 2874 674 2936 impeditur,
689 2874 739 2923 nisi
757 2872 802 2922 tibi
821 2872 848 2921 tn
866 2887 942 2922 unam
961 2871 1086 2933 syllabam
1099 2873 1291 2934 contrutinet,

200 2937 269 3002 quod
289 2937 448 3002 frequentius
468 2945 517 2998 est,
536 2938 561 2986 in
581 2937 695 2986 dictione
706 2938 773 2986 ianm
790 2939 872 3000 prima
883 2935 1046 2998 corripiatur,
1064 2930 1130 2984 eliso
1148 2951 1199 2986 rino
1211 2939 1234 2985 l:
1247 2938 1290 2986 boc

198 3001 276 3066 modo
287 3017 376 3051 versus
385 3003 435 3053 erit
453 3001 600 3050 octonarius
618 3001 751 3050 iambicus.
768 3001 813 3050 Fa.
846 3002 854 3029 ‘
868 3002 918 3050 Hic
930 3000 1030 3049 abesto
1043 2999 1127 3061 Regio
1139 3001 1291 3050 Cbnrtnreo:

196 3072 228 3113 et
248 3080 263 3112 a
280 3073 370 3114 vetere
383 3062 566 3126 Lindenbrogii
577 3071 715 3127 utrumque
727 3066 810 3129 ebert,
826 3064 865 3114 iiic
875 3080 926 3126 ego.
961 3061 1061 3113 Recte!
1080 3065 1206 3114 Bene-n
1223 3065 1291 3113 Proin

200 3127 330 3190 opinionem
342 3125 431 3178 Guelf.
442 3131 465 3177 l.
485 3129 545 3184 Qnoe
555 3144 682 3191 quenquam
693 3129 811 3179 excruciet
820 3129 917 3179 omittat
926 3132 951 3177 2.
986 3123 1091 3176 Orndtm
1108 3128 1155 3176 Br.
1172 3127 1259 3177 Guelf.
1270 3134 1290 3177 1.

97 3196 101 3203 “
200 3196 249 3240 -6
266 3192 435 3247 Crediderim,
451 3190 516 3240 rbid
527 3192 642 3242 additum
660 3192 694 3242 ob
715 3198 842 3253 metrum3
860 3200 886 3241 et
905 3200 945 3241 est
965 3193 990 3240 in
1009 3191 1056 3240 Tr.
1074 3191 1150 3241 dcent
1166 3191 1193 3241 in
1214 3193 1289 3241 tribur

200 3254 292 3304 Leidd.
314 3257 390 3305 Wert.
422 3256 565 3305 ‘Meliores
576 3256 657 3306 nostri
668 3264 696 3306 et
709 3251 805 3320 pierres,
824 3258 889 3313 Quid
904 3258 929 3306 id
944 3253 1006 3307 erti'
1023 3255 1152 3304 licut—t
1169 3254 1290 3305 Aediriin

199 3318 269 3370 Ario.
301 3319 354 3369 Hic
364 3319 437 3368 deest
450 3320 554 3369 verbnm
566 3335 624 3382 erre,
640 3322 709 3384 quod
721 3335 789 3370 omn.
799 3320 862 3369 libb.
875 3321 965 3383 script.
977 3318 1075 3368 hubent
1086 3325 1146 3382 poet
1156 3319 1288 3369 dictionem

200 3384 271 3444 Aria,
286 3390 383 3446 praeter
392 3384 464 3432 Bem.
474 3385 517 3447 qui
529 3391 588 3446 post
598 3385 695 3433 oudini:
711 3385 778 3450 quod
788 3398 895 3433 numero
907 3384 988 3446 magis
1000 3383 1116 3448 quadret.
1135 3383 1181 3432 Fu.
1209 3386 1217 3415 ‘
1230 3384 1288 3434 Nor·

201 3447 235 3497 tri
247 3461 321 3508 paene
339 3461 426 3496 omnen
445 3463 502 3496 cum
515 3449 588 3497 Bem.
606 3449 686 3497 audiri
705 3464 766 3500 ecre:
785 3456 812 3499 et
825 3456 884 3511 poet
894 3448 1081 3509 subdistingue,
1100 3446 1174 3506 H.s.
1193 3463 1215 3498 r.
1233 3451 1292 3497 erret

201 3511 291 3560 Audivi
302 3525 366 3560 erre:
381 3512 408 3559 in
419 3512 478 3561 Ario
490 3513 525 3563 N.
536 3528 556 3562 e.
566 3511 601 3575 p!
616 3513 745 3563 Bene-8
767 3513 901 3562 Venientem
919 3527 932 3562 e
948 3512 1012 3560 nuci.
1037 3511 1097 3560 Om.
1109 3511 1126 3560 i.
1140 3525 1161 3560 c.
1173 3511 1289 3561 adveniet·

180 3574 183 3580 '
199 3580 261 3624 iem:
278 3590 327 3624 uec
339 3591 376 3624 vs.
388 3583 526 3639 repugnat,
543 3577 564 3626 ni
577 3592 609 3625 ex
625 3579 697 3639 apud,
707 3580 724 3626 d
736 3577 852 3641 abjicior.
870 3576 966 3626 Fre—9
982 3576 1013 3624 ln
1025 3573 1179 3639 quibusdum
1192 3576 1256 3633 Mne.
1267 3579 1289 3623 rt

201 3639 261 3688 edd.
283 3641 398 3691 Adduxi:
414 3642 542 3704 quomodo
560 3648 587 3690 et
605 3641 651 3689 Pr.
673 3639 717 3691 lib.
729 3655 779 3691 vrr.
792 3641 870 3704 legit:
888 3653 1025 3716 quiunquan
1049 3639 1075 3687 in
1093 3637 1220 3688 Prisciani
1232 3640 1288 3688 Mn.

200 3718 257 3753 erne
268 3704 376 3765 Abderi,
393 3705 421 3753 F.
432 3705 462 3753 F.
475 3710 594 3754 tentatur.
616 3706 690 3756 Wert.
722 3706 809 3755 ‘Mate
819 3705 846 3754 in
858 3705 986 3753 nonnuliis
998 3703 1059 3752 edd.
1070 3703 1168 3764 iegitur
1179 3700 1287 3753 Addroei’

128 3771 131 3777 ’
201 3768 233 3817 R.
246 3769 281 3819 D.
313 3769 430 3819 Quntuor
442 3783 474 3816 ex
486 3769 669 3817 vetustioribus
682 3770 776 3819 nostrin
786 3783 838 3818 non
848 3767 944 3818 babent
954 3782 1056 3828 mogun:
1074 3773 1163 3817 recte:
1180 3767 1219 3816 nic
1229 3767 1286 3816 enin

201 3845 288 3888 vernon
310 3833 420 3882 rotunde
444 3832 506 3896 exit,
521 3831 621 3882 Abduci
640 3849 662 3883 a.
681 3849 702 3884 c.
722 3849 777 3883 narn
796 3833 855 3882 mibi
876 3848 896 3881 c.
916 3847 937 3882 e.
956 3830 979 3892 j.
999 3833 1018 3881 ι’.
1036 3847 1059 3882 c.
1077 3846 1103 3896 p.
1120 3838 1150 3881 et
1167 3829 1287 3903 neuteudt

692 3960 801 4010 NOTAE

234 4060 247 4104 1
267 4055 338 4105 Nihil
352 4057 482 4121 adducent,
493 4061 665 4121 nicodemum,
679 4059 730 4107 Gii-
771 4070 800 4105 re
812 4057 862 4105 sint
880 4057 949 4106 inter
965 4071 992 4107 ee
1011 4058 1092 4110 locuti
1108 4059 1286 4118 ndolmeentn,

197 4129 253 4193 nio]
271 4129 329 4181 Hoc
340 4131 493 4198 principium
505 4133 614 4196 indicet,
633 4135 667 4184 de
677 4147 744 4200 qua*
770 4132 1020 4199 Cllninethitipbo.
1118 4152 1121 4157 ·
1225 4150 1230 4158 ·
