2678 4694
375 310 639 360 rnuneunnure
664 310 747 359 nor.
765 311 817 359 ιν.
839 313 894 360 sc.
914 313 983 362 vrr.
1152 299 1218 365 785

118 455 189 518 Du.
211 455 266 518 Tu
282 456 366 520 inter
380 438 437 520 eas
450 456 565 520 restim
581 455 723 520 ductam
737 455 889 520 minabis.
933 457 998 522 Μι.
1021 458 1145 525 Probe.

118 558 189 625 nu.
214 558 348 622 Probe?
394 556 460 622 Μι.
484 555 527 621 lit
548 562 584 621 tn
608 556 787 623 nobiscnm
808 560 1103 643 unupsiopnssit.
1147 560 1219 628 Dru

251 659 437 725 Heimihi!
566 671 569 678 ’
934 708 938 713 -
1019 686 1052 737 ἢ
1163 665 1221 731 ue

117 759 200 824 Non
216 767 251 851 te
265 761 338 827 haec
352 754 506 845 pudenti
552 759 621 826 Μι.
643 759 723 825 Jnm
736 779 818 826 uero
833 760 962 840 omitte,
976 762 1118 844 Demea,
1212 812 1215 819 ·

114 862 228 926 Tuum
239 864 351 928 istene
365 861 596 944 iracundinm3
619 868 730 947 utque,
743 864 794 929 ite
808 864 859 928 uti
873 862 981 945 decet,

115 960 331 1056 Hilarnmfuo
345 964 511 1029 lubentem
525 963 582 1030 inc
597 970 630 1029 te
645 965 679 1029 in
693 965 785 1049 gnati
798 965 939 1050 nuptiis.

115 1067 191 1148 Ego
206 1065 268 1130 hos
282 1068 494 1133 conveniam:
517 1073 597 1150 post
609 1067 674 1132 bno
689 1066 801 1132 redeo
846 1069 918 1135 Du.
940 1069 972 1134 0
983 1069 1133 1155 Jupiter!

117 1166 299 1233 Hunccine
310 1169 433 1236 vitam!
455 1170 594 1236 hoscine
608 1171 733 1235 mores!
755 1171 842 1236 hunc
856 1172 1075 1239 dementiam!
1175 1170 1221 1241 lu

107 1390 196 1453 ferrem
205 1394 284 1453 doceo,
302 1400 326 1445 et
336 1395 402 1445 ebori
417 1398 543 1460 mandor
553 1397 601 1447 erio
615 1403 640 1447 et
651 1398 770 1462 princepe.
803 1398 855 1449 Mu.
873 1399 987 1461 Egregie.
1018 1399 1071 1449 Dr.
1095 1395 1222 1463 Egmiet

113 1458 172 1506 Ml.
189 1459 273 1508 Etiam
289 1464 316 1509 in
331 1460 450 1510 nobiscnm
460 1477 509 1511 eun
525 1461 665 1523 anemuri
682 1468 706 1513 te
721 1462 877 1523 ernrsuen'i.
912 1465 964 1514 Du.
981 1463 1124 1516 Hoirrrr'bt'!
1138 1467 1220 1517 mie

111 1521 198 1598 bonum
205 1524 295 1586 pedet?
318 1525 369 1575 Mi.
385 1526 458 1576 Nure
469 1541 522 1576 erro
529 1525 602 1576 biorn
612 1527 834 1578 miricordiam
844 1527 930 1589 objice,
940 1533 1010 1592 utque
1021 1529 1058 1577 ite
1068 1534 1096 1578 eri
1104 1527 1223 1589 errem

111 1584 235 1637 moreau
246 1594 271 1638 et
280 1588 391 1647 lubentia
400 1592 498 1652 indulge
508 1591 535 1641 iu
543 1591 636 1656 reifilir·
646 1592 744 1655 ruptiis.
778 1593 833 1654 Ego
844 1593 886 1642 boe
895 1593 975 1655 adibo,
981 1596 1066 1657 peteo
1077 1593 1123 1643 buo
1140 1607 1221 1646 rerer.-

112 1656 159 1701 ior.
196 1652 250 1703 De.
270 1654 292 1701 0
302 1653 418 1718 Jupiter!
433 1655 522 1706 bonon
532 1656 606 1705 uitem
614 1658 698 1706 duom
709 1662 816 1720 moueri
827 1657 905 1707 *boore
916 1672 965 1708 erre
975 1664 1065 1708 uuest
1080 1659 1141 1708 bone
1156 1658 1220 1707 irren-

582 1814 763 1835 ”comune

112 1892 186 1987 vu,-
203 1927 247 1977 Sie
258 1934 333 1978 notet
341 1928 426 1991 glosrn
436 1930 479 1978 roi
487 1931 599 1982 Ereti
616 1929 729 1979 Codice·
741 1929 855 1994 quidem,
867 1929 996 1978 Foeinrruu
1004 1933 1031 1978 ‘te
1041 1931 1120 1979 eredo.
1137 1929 1223 1982 Weni·

116 1995 153 2043 Ur
164 1993 265 2042 omittit
275 1994 386 2043 Bu-sn
405 1995 438 2042 Ei
449 2010 517 2057 novo,
527 1994 581 2058 ise]
600 1995 659 2044 Non
671 1995 720 2043 hoe
738 2010 786 2057 per
803 1994 1032 2059 interrogationem
1044 1992 1161 2054 effertur,
1171 1995 1221 2053 sed

112 2055 271 2106 affirmative
283 2072 329 2121 per
347 2059 501 2109 irrisionem.
519 2061 592 2108 Bene.
615 2059 658 2108 Sic
676 2059 741 2108 dunt
758 2060 805 2108 Br.
824 2059 897 2107 Perl.
912 2063 946 2108 'et
963 2059 1041 2107 Botlr.
1049 2058 1098 2171 fini
1114 2059 1221 2109 exhibet

113 2121 338 2180 dieeet5...M1.
365 2123 538 2173 Scilicet-³4
556 2125 622 2173 diss.
640 2124 743 2199 quidam
763 2130 791 2172 et
809 2122 926 2186 impressi
947 2128 1006 2184 post
1026 2123 1049 2172 E
1074 2122 1219 2184 ..penitebir

111 2185 265 2236 west—85
284 2186 337 2235 Dn-
348 2187 427 2236 Probe
436 2186 457 2249 l]
477 2187 542 2237 Haec
554 2188 668 2237 emulus
684 2189 787 2238 Mouet
803 2187 882 2236 editis
897 2186 1009 2249 antiquis
1025 2187 1128 2245 ebenut,
1140 2186 1220 2237 etiarn

112 2249 147 2300 nb
165 2251 223 2301 ΕΡ.
235 2251 280 2300 sed
300 2250 590 2302 defendunturnRirio
609 2259 636 2301 et
648 2252 693 2301 Fe.
726 2251 799 2302 Nilril
819 2258 905 2300 nutem
927 2264 1012 2300 oeusae
1033 2264 1089 2300 esre
1107 2248 1222 2313 videtur,

112 2329 198 2379 quere
216 2315 318 2365 Demea
327 2315 357 2364 rb
368 2316 447 2364 Probe
467 2322 601 2380 repeteret
611 2316 702 2379 magis,
713 2331 790 2380 quarn
809 2315 878 2380 quod
899 2314 1045 2379 precessit,
1060 2316 1068 2344 ⁸
1081 2314 1133 2364 Cur
1152 2316 1222 2378 non,'

112 2387 141 2428 et
161 2379 312 2430 ‘Scilicet'
333 2381 410 2430 Wert.
437 2380 487 2431 Μι.
507 2381 592 2432 Probe.
612 2386 636 2430 et
654 2386 682 2430 io
703 2380 833 2445 uobiscum]
854 2380 928 2429 Bem.
945 2379 1059 2444 geminet
1081 2379 1223 2430 dictionem

111 2444 204 2506 Probe,
215 2445 312 2494 habeor
328 2458 384 2494 eem
403 2443 518 2494 seeundo
533 2445 590 2496 lodo
610 2445 659 2494 sub
677 2459 788 2509 persona
805 2447 931 2494 Demere:
949 2459 1026 2509 quam
1044 2444 1183 2496 lectionem
1194 2453 1223 2496 et

112 2507 209 2558 Rivius
221 2525 254 2557 ex
266 2524 312 2558 suo
331 2510 397 2559 libro
407 2510 550 2560 annotavit.
584 2510 627 2559 lte
644 2510 722 2559 etiem
734 2525 823 2560 versus
843 2509 941 2571 optime
958 2515 1071 2559 constat.
1088 2511 1134 2559 Fn.
1167 2510 1222 2560 Du.

112 2573 210 2623 Probe?
227 2575 278 2623 Mr.
300 2575 335 2622 Et
351 2579 378 2623 to
392 2574 509 2624 nobiseum
525 2590 582 2635 oen,
600 2575 623 2622 si
638 2589 695 2637 opus
712 2575 753 2622 rit.
778 2574 826 2622 liei
843 2573 911 2621 mibi.
944 2572 1012 2620 Illud
1029 2573 1109 2622 Probe
1124 2587 1140 2622 n
1158 2574 1222 2623 Cor·

111 2649 218 2688 rectore
230 2638 358 2687 Bembino
370 2639 499 2702 provenit,
515 2637 547 2686 ud
558 2652 660 2686 versum
678 2637 847 2686 fulciendum.
880 2637 921 2684 Ex
934 2642 974 2684 tot
987 2636 1083 2684 nostris
1096 2636 1148 2685 duo
1166 2643 1223 2687 tan.

112 2708 168 2752 tnur
181 2702 259 2753 Probe
271 2709 402 2768 repetunt,
414 2709 493 2766 atque
505 2702 541 2749 illi
554 2716 586 2750 ex
601 2701 782 2750 mediocribus.
815 2702 851 2750 Et
861 2714 923 2748 enne
943 2700 1041 2762 inepte,
1052 2702 1165 2761 enervis,
1176 2715 1223 2764 pu-

112 2766 171 2816 tide
190 2767 314 2830 repetitio
325 2774 381 2827 est3
399 2781 447 2816 nee
464 2765 569 2828 reliquis
587 2764 629 2814 hie
640 2764 772 2826 convenit,
783 2779 841 2828 qoae
860 2763 942 2813 ironis
958 2769 987 2813 et
1003 2763 1120 2814 irrisione
1135 2764 1229 2815 omnie-

112 2829 247 2880 dienntur.
280 2831 369 2894 Longe
390 2829 492 2880 facilior
509 2835 537 2878 et
549 2830 633 2878 verior
652 2830 678 2878 in
691 2837 793 2892 promtu
810 2837 867 2878 erat
885 2827 1026 2877 eorrectio:
1044 2829 1100 2878 Du.
1114 2829 1224 2892 iniretur·
1262 2852 1274 2874 ι

112 2910 153 2945 eor
165 2897 252 2945 restim
269 2895 368 2945 ductam
385 2896 493 2945 solinbir.
512 2895 537 2941 M
542 2908 561 2943 r.
576 2893 657 2957 probe.
684 2895 719 2943 Et
736 2898 787 2942 tute
802 2892 921 2941 nobiseum
939 2907 994 2950 uuo,
1004 2892 1028 2940 si
1038 2907 1095 2956 opere
1110 2893 1151 2943 eit.
1168 2893 1223 2943 De.

113 2959 165 3009 Hei
181 2959 261 3012 milri!
277 2960 356 3010 Beut.
383 2960 434 3008 Du.
457 2959 561 3022 Probet]
578 2960 657 3008 Bent.
675 2959 773 3008 omittit
784 2965 907 3022 tanquam
918 2971 933 3005 n
945 2957 1088 3019 glosentors
1100 2957 1224 3007 Bembini

113 3025 206 3088 putide
225 3025 358 3089 iteratum.
389 3025 442 3074 Sed
463 3031 534 3075 errat
546 3024 585 3072 vir
601 3038 717 3087 ningnus.
752 3024 820 3073 Nam
832 3021 910 3071 simili
926 3020 1003 3070 modo
1021 3029 1125 3071 renouat
1144 3036 1224 3085 supro

113 3103 153 3140 iv.
164 3095 191 3138 b·
201 3089 367 3139 66.voeulu·‘
377 3088 436 3138 Jam
447 3087 454 3111 ’
466 3088 491 3138 in
509 3102 554 3138 ore
572 3088 693 3137 iterantis
711 3088 821 3138 comice.
854 3087 899 3136 Sle
917 3086 979 3134 item
995 3087 1104 3137 centies.
1137 3085 1223 3137 Abest

114 3153 232 3204 uGuelf.
244 3158 269 3204 2.
281 3154 349 3204 Peri.
370 3153 539 3204 Geminatum
551 3153 631 3202 Probe
644 3153 691 3202 sub
712 3167 825 3215 persona
843 3153 952 3202 Demeae
964 3166 996 3200 ex
1008 3151 1083 3201 Bem.
1107 3151 1223 3200 Faernus

114 3218 209 3269 edidit.
241 3218 295 3268 Alii
307 3219 441 3280 omittunt,
453 3226 481 3269 et
492 3219 529 3268 slo
540 3225 652 3268 metrum
669 3221 845 3280 corrumpunt.
879 3217 972 3280 Neque
988 3215 1067 3266 Bent.
1079 3215 1225 3266 andiendus

115 3279 1224 3411 uteriuiriquusuuuuru

116 3420 196 3475 notre,
205 3411 266 3462 Jnm
276 3427 330 3462 uero
344 3409 446 3472 mitt'e,o
456 3413 555 3463 Demea.
588 3413 677 3468 Certe,
689 3413 744 3461 sive
764 3413 833 3462 mitte
853 3411 907 3460 sive
918 3412 1002 3460 omitte
1016 3411 1119 3474 legam
1132 3411 1225 3467 Demea

115 3478 222 3527 omnino
241 3477 375 3537 retinebis,
385 3491 418 3525 ne
430 3478 457 3525 in
468 3477 519 3527 ista
529 3476 592 3525 sede
602 3476 742 3527 Troobreus
753 3477 799 3539 sit,
812 3490 888 3539 quem
898 3475 962 3524 deta
972 3489 1054 3538 opera
1064 3477 1147 3523 evitat
1159 3475 1183 3523 N
1185 3488 1225 3524 ns·

116 3551 163 3592 ter.
182 3543 257 3592 Beni.
277 3543 299 3590 0
315 3540 617 3592 dantBour.Per1.-ue
635 3541 744 3590 Codices
756 3540 860 3608 quidem
872 3539 985 3588 Hilarem
994 3540 1095 3602 legunt,
1106 3544 1183 3600 etque
1196 3539 1224 3586 in

114 3605 222 3657 ils-EF.
245 3606 322 3658 West.
347 3607 422 3656 Rem.
440 3613 467 3655 et
484 3606 603 3671 plerique
622 3602 667 3654 ulii
688 3605 794 3667 habent,
809 3600 882 3665 gnari
898 3603 924 3652 iu
943 3603 1042 3666 remiis.
1058 3603 1104 3651 Fu.
1131 3602 1223 3651 Nuitri
1319 3616 1320 3620 ¹

116 3684 203 3722 omnes
225 3670 252 3722 ie
268 3671 439 3735 untimrptiir.
463 3671 542 3722 Beni.
570 3670 688 3734 Hyloreru
706 3671 774 3721 GM.
794 3669 863 3734 Perl.
892 3668 955 3718 Noti
972 3669 998 3717 iu
1014 3668 1093 3718 Bent.
1110 3665 1142 3716 Ζ.
1160 3665 1222 3740 Bip.

621 3815 730 3881 NOTAE

143 3942 177 3989 nl
192 3901 292 3986 ‘Restim
299 3932 409 3996 metam]
421 3934 503 3982 Lusus
512 3937 553 3981 est
561 3935 649 3993 natus,
688 3931 736 3982 bus
747 3930 834 3980 sunem
854 3928 1005 3980 tenentibus
1014 3896 1119 3976 'enitere
1130 3910 1223 3978 uolent.

114 4021 144 4066 nt
160 3999 248 4064 refert
265 4013 396 4074 Donatus,
406 4010 439 4061 ab
456 4023 488 4059 eo
507 4007 580 4071 fune,
598 4020 648 4071 quo
689 4007 797 4061 choree
810 4006 930 4069 princeps
942 4012 970 4054 et
985 4002 1223 4067 praeeultorfnnem
1318 4045 1325 4051 ,

115 4106 195 4159 equus
206 4092 317 4156 ligneus
333 4090 486 4141 Greenrum
501 4087 528 4136 in
543 4087 648 4151 neojur
688 4083 771 4147 ducit,
781 4098 858 4148 quem
874 4082 927 4143 elii,
939 4079 1032 4132 eodem
1047 4079 1110 4132 inne
1127 4095 1223 4148 oppre-

114 4171 281 4223 introduetur
294 4174 343 4220 est.
374 4167 407 4217 ln
422 4165 475 4218 boe
488 4164 554 4216 indo
567 4164 651 4216 meni·
688 4161 1133 4227 ireneupreenntenoeqnnntnr..
1164 4197 1170 4209 .
1209 4176 1214 4191 ν
