<?xml version="1.0" encoding="UTF-8"?>
<!DOCTYPE html PUBLIC "-//W3C//DTD XHTML 1.0 Transitional//EN"
    "http://www.w3.org/TR/xhtml1/DTD/xhtml1-transitional.dtd">
<html xmlns="http://www.w3.org/1999/xhtml" xml:lang="en" lang="en">
 <head>
  <title>
</title>
<meta http-equiv="Content-Type" content="text/html;charset=utf-8" />
  <meta name='ocr-system' content='tesseract 3.04.00' />
  <meta name='ocr-capabilities' content='ocr_page ocr_carea ocr_par ocr_line ocrx_word'/>
</head>
<body>
  <div class='ocr_page' id='page_1' title='image "./comoedisex01westgoog_0034.png"; bbox 0 0 2678 4694; ppageno 0'>
   <div class='ocr_carea' id='block_1_1' title="bbox 423 322 1222 386">
    <p class='ocr_par' dir='ltr' id='par_1_1' title="bbox 423 322 1222 386">
     <span class='ocr_line' id='line_1_1' title="bbox 423 322 1222 386; baseline 0.01 -8"><span class='ocrx_word' id='word_1_1' title='bbox 423 333 592 382; x_wconf 77' lang='lat' dir='ltr'><strong><em>uouucur</em></strong></span> <span class='ocrx_word' id='word_1_2' title='bbox 617 334 700 382; x_wconf 77' lang='lat' dir='ltr'><strong><em>scr.</em></strong></span> <span class='ocrx_word' id='word_1_3' title='bbox 718 335 753 383; x_wconf 87' lang='grc' dir='ltr'><strong><em>ν.</em></strong></span> <span class='ocrx_word' id='word_1_4' title='bbox 776 334 831 384; x_wconf 86' lang='lat' dir='ltr'><strong><em>sc.</em></strong></span> <span class='ocrx_word' id='word_1_5' title='bbox 852 336 918 383; x_wconf 90' lang='lat' dir='ltr'><strong><em>vu.</em></strong></span> <span class='ocrx_word' id='word_1_6' title='bbox 1157 322 1222 386; x_wconf 80' lang='lat'><strong><em>521</em></strong></span> 
     </span>
    </p>
   </div>
   <div class='ocr_carea' id='block_1_2' title="bbox 122 474 1223 1274">
    <p class='ocr_par' dir='ltr' id='par_1_2' title="bbox 123 474 1207 642">
     <span class='ocr_line' id='line_1_2' title="bbox 123 474 1207 558; baseline 0.007 -20"><span class='ocrx_word' id='word_1_7' title='bbox 123 474 333 558; x_wconf 85' lang='lat' dir='ltr'><strong><em>Reliquomi</em></strong></span> <span class='ocrx_word' id='word_1_8' title='bbox 378 476 446 541; x_wconf 74' lang='lat' dir='ltr'><strong><em>Ps-</em></strong></span> <span class='ocrx_word' id='word_1_9' title='bbox 467 478 616 543; x_wconf 84' lang='lat' dir='ltr'><strong><em>Tantum</em></strong></span> <span class='ocrx_word' id='word_1_10' title='bbox 632 485 695 542; x_wconf 86' lang='lat' dir='ltr'><strong><em>est.</em></strong></span> <span class='ocrx_word' id='word_1_11' title='bbox 740 477 806 541; x_wconf 77' lang='lat' dir='ltr'><strong><em>LA.</em></strong></span> <span class='ocrx_word' id='word_1_12' title='bbox 829 477 939 543; x_wconf 86' lang='lat' dir='ltr'>Cesso</span> <span class='ocrx_word' id='word_1_13' title='bbox 961 478 1027 542; x_wconf 87' lang='lat' dir='ltr'><strong><em>huc</em></strong></span> <span class='ocrx_word' id='word_1_14' title='bbox 1048 479 1207 546; x_wconf 80' lang='lat' dir='ltr'><strong><em>initorum</em></strong></span> 
     </span>
     <span class='ocr_line' id='line_1_3' title="bbox 279 577 356 642; baseline -0.039 0"><span class='ocrx_word' id='word_1_15' title='bbox 279 577 356 642; x_wconf 76' lang='lat' dir='ltr'><strong><em>ere?</em></strong></span> 
     </span>
    </p>

    <p class='ocr_par' dir='ltr' id='par_1_3' title="bbox 122 599 1222 844">
     <span class='ocr_line' id='line_1_4' title="bbox 122 599 1222 763; baseline 0.005 -21"><span class='ocrx_word' id='word_1_16' title='bbox 122 680 193 745; x_wconf 76' lang='grc' dir='ltr'><strong><em>ΡΑ.</em></strong></span> <span class='ocrx_word' id='word_1_17' title='bbox 217 599 296 744; x_wconf 56' lang='grc' dir='ltr'><strong><em>Νξη</em></strong></span> <span class='ocrx_word' id='word_1_18' title='bbox 311 678 448 744; x_wconf 90' lang='lat' dir='ltr'><strong><em>dubium</em></strong></span> <span class='ocrx_word' id='word_1_19' title='bbox 463 687 525 759; x_wconf 86' lang='lat' dir='ltr'><strong><em>est,</em></strong></span> <span class='ocrx_word' id='word_1_20' title='bbox 541 682 621 763; x_wconf 89' lang='lat' dir='ltr'><strong><em>quin</em></strong></span> <span class='ocrx_word' id='word_1_21' title='bbox 634 681 715 744; x_wconf 91' lang='lat' dir='ltr'><strong><em>mihi</em></strong></span> <span class='ocrx_word' id='word_1_22' title='bbox 731 700 888 763; x_wconf 82' lang='lat' dir='ltr'><strong><em>maguum</em></strong></span> <span class='ocrx_word' id='word_1_23' title='bbox 908 699 953 744; x_wconf 83' lang='lat' dir='ltr'><strong><em>ex</em></strong></span> <span class='ocrx_word' id='word_1_24' title='bbox 966 681 1028 744; x_wconf 85' lang='lat' dir='ltr'><strong><em>hac</em></strong></span> <span class='ocrx_word' id='word_1_25' title='bbox 1044 700 1079 745; x_wconf 85' lang='lat' dir='ltr'><strong><em>re</em></strong></span> <span class='ocrx_word' id='word_1_26' title='bbox 1095 682 1222 748; x_wconf 78' lang='lat' dir='ltr'><strong><em>silma-</em></strong></span> 
     </span>
     <span class='ocr_line' id='line_1_5' title="bbox 255 783 342 844; baseline 0 0"><span class='ocrx_word' id='word_1_27' title='bbox 255 783 342 844; x_wconf 89' lang='lat' dir='ltr'><strong><em>lum·</em></strong></span> 
     </span>
    </p>

    <p class='ocr_par' dir='ltr' id='par_1_4' title="bbox 123 830 957 968">
     <span class='ocr_line' id='line_1_6' title="bbox 123 830 957 968; baseline 0 -21"><span class='ocrx_word' id='word_1_28' title='bbox 123 882 205 947; x_wconf 89' lang='lat' dir='ltr'><strong><em>Nisi</em></strong></span> <span class='ocrx_word' id='word_1_29' title='bbox 221 885 302 966; x_wconf 85' lang='lat' dir='ltr'><strong><em>quio</em></strong></span> <span class='ocrx_word' id='word_1_30' title='bbox 316 830 456 948; x_wconf 55' lang='lat' dir='ltr'><strong><em>n‘eeesse</em></strong></span> <span class='ocrx_word' id='word_1_31' title='bbox 470 875 535 947; x_wconf 74' lang='lat' dir='ltr'><strong><em>suit&#39;</em></strong></span> <span class='ocrx_word' id='word_1_32' title='bbox 549 885 612 948; x_wconf 91' lang='lat' dir='ltr'><strong><em>hoc</em></strong></span> <span class='ocrx_word' id='word_1_33' title='bbox 627 884 750 963; x_wconf 86' lang='lat' dir='ltr'><strong><em>iacere,</em></strong></span> <span class='ocrx_word' id='word_1_34' title='bbox 767 885 802 949; x_wconf 94' lang='lat' dir='ltr'><strong><em>id</em></strong></span> <span class='ocrx_word' id='word_1_35' title='bbox 817 884 957 968; x_wconf 81' lang='lat' dir='ltr'><strong>gaudeo,</strong></span> 
     </span>
    </p>

    <p class='ocr_par' dir='ltr' id='par_1_5' title="bbox 122 985 995 1069">
     <span class='ocr_line' id='line_1_7' title="bbox 122 985 995 1069; baseline 0.001 -21"><span class='ocrx_word' id='word_1_36' title='bbox 122 985 269 1066; x_wconf 82' lang='lat' dir='ltr'>Propter</span> <span class='ocrx_word' id='word_1_37' title='bbox 283 1004 336 1048; x_wconf 92' lang='lat' dir='ltr'><strong><em>me</em></strong></span> <span class='ocrx_word' id='word_1_38' title='bbox 350 986 445 1065; x_wconf 84' lang='lat' dir='ltr'><strong><em>hisee</em></strong></span> <span class='ocrx_word' id='word_1_39' title='bbox 461 985 589 1069; x_wconf 84' lang='lat' dir='ltr'><strong><em>aliquid</em></strong></span> <span class='ocrx_word' id='word_1_40' title='bbox 605 1006 680 1049; x_wconf 88' lang='lat' dir='ltr'><strong><em>esse</em></strong></span> <span class='ocrx_word' id='word_1_41' title='bbox 695 994 887 1051; x_wconf 88' lang='lat' dir='ltr'><strong><em>eventurum</em></strong></span> <span class='ocrx_word' id='word_1_42' title='bbox 903 985 995 1050; x_wconf 90' lang='lat' dir='ltr'><strong><em>mali.</em></strong></span> 
     </span>
    </p>

    <p class='ocr_par' dir='ltr' id='par_1_6' title="bbox 122 1085 1223 1172">
     <span class='ocr_line' id='line_1_8' title="bbox 122 1085 1223 1172; baseline 0.003 -22"><span class='ocrx_word' id='word_1_43' title='bbox 122 1085 216 1150; x_wconf 84' lang='lat' dir='ltr'><strong><em>Nam</em></strong></span> <span class='ocrx_word' id='word_1_44' title='bbox 226 1086 299 1168; x_wconf 83' lang='lat' dir='ltr'><strong><em>jam</em></strong></span> <span class='ocrx_word' id='word_1_45' title='bbox 314 1086 372 1149; x_wconf 94' lang='lat' dir='ltr'><strong><em>diu</em></strong></span> <span class='ocrx_word' id='word_1_46' title='bbox 387 1087 533 1170; x_wconf 86' lang='lat' dir='ltr'>aliquam</span> <span class='ocrx_word' id='word_1_47' title='bbox 546 1107 683 1152; x_wconf 83' lang='lat' dir='ltr'><strong><em>causam</em></strong></span> <span class='ocrx_word' id='word_1_48' title='bbox 699 1091 1007 1172; x_wconf 81' lang='lat' dir='ltr'><strong><em>quaerebatsenex‚</em></strong></span> <span class='ocrx_word' id='word_1_49' title='bbox 1179 1089 1223 1153; x_wconf 84' lang='lat'><strong><em>30</em></strong></span> 
     </span>
    </p>

    <p class='ocr_par' dir='ltr' id='par_1_7' title="bbox 123 1187 1151 1274">
     <span class='ocr_line' id='line_1_9' title="bbox 123 1187 1151 1274; baseline 0.001 -22"><span class='ocrx_word' id='word_1_50' title='bbox 123 1187 353 1267; x_wconf 78' lang='lat' dir='ltr'><strong>Quamobrem</strong></span> <span class='ocrx_word' id='word_1_51' title='bbox 368 1189 498 1270; x_wconf 79' lang='lat' dir='ltr'>insigne</span> <span class='ocrx_word' id='word_1_52' title='bbox 512 1190 638 1272; x_wconf 87' lang='lat' dir='ltr'><strong><em>aliquid</em></strong></span> <span class='ocrx_word' id='word_1_53' title='bbox 652 1189 777 1256; x_wconf 84' lang='lat' dir='ltr'><strong><em>iaceret</em></strong></span> <span class='ocrx_word' id='word_1_54' title='bbox 792 1191 855 1254; x_wconf 87' lang='lat' dir='ltr'><strong><em>his.</em></strong></span> <span class='ocrx_word' id='word_1_55' title='bbox 899 1190 1000 1255; x_wconf 88' lang='lat' dir='ltr'><strong><em>Nunc</em></strong></span> <span class='ocrx_word' id='word_1_56' title='bbox 1017 1190 1151 1274; x_wconf 86' lang='lat' dir='ltr'><strong><em>reperit.</em></strong></span> 
     </span>
    </p>
   </div>
   <div class='ocr_carea' id='block_1_3' title="bbox 114 1366 1224 1739">
    <p class='ocr_par' dir='ltr' id='par_1_8' title="bbox 114 1366 1224 1739">
     <span class='ocr_line' id='line_1_10' title="bbox 119 1366 1224 1432; baseline 0.004 -18"><span class='ocrx_word' id='word_1_57' title='bbox 119 1366 216 1419; x_wconf 74' lang='lat' dir='ltr'><strong><em>restat?</em></strong></span> <span class='ocrx_word' id='word_1_58' title='bbox 249 1368 299 1416; x_wconf 79' lang='grc' dir='ltr'><strong><em>ΡΑ.</em></strong></span> <span class='ocrx_word' id='word_1_59' title='bbox 318 1367 390 1416; x_wconf 84' lang='lat' dir='ltr'><strong><em>Nibil</em></strong></span> <span class='ocrx_word' id='word_1_60' title='bbox 399 1375 513 1430; x_wconf 77' lang='lat' dir='ltr'><strong><em>preterea</em></strong></span> <span class='ocrx_word' id='word_1_61' title='bbox 523 1374 566 1420; x_wconf 89' lang='lat' dir='ltr'><strong><em>est.</em></strong></span> <span class='ocrx_word' id='word_1_62' title='bbox 602 1371 650 1418; x_wconf 83' lang='lat' dir='ltr'><strong><em>Ls.</em></strong></span> <span class='ocrx_word' id='word_1_63' title='bbox 669 1371 735 1425; x_wconf 82' lang='lat' dir='ltr'><strong><em>Quid</em></strong></span> <span class='ocrx_word' id='word_1_64' title='bbox 744 1385 831 1429; x_wconf 87' lang='lat' dir='ltr'><strong><em>moror,</em></strong></span> <span class='ocrx_word' id='word_1_65' title='bbox 847 1370 904 1432; x_wconf 85' lang='lat' dir='ltr'><strong><em>quin</em></strong></span> <span class='ocrx_word' id='word_1_66' title='bbox 915 1369 1031 1418; x_wconf 85' lang='lat' dir='ltr'><strong><em>intrabas</em></strong></span> <span class='ocrx_word' id='word_1_67' title='bbox 1041 1370 1103 1418; x_wconf 74' lang='lat' dir='ltr'><strong><em>redes</em></strong></span> <span class='ocrx_word' id='word_1_68' title='bbox 1113 1371 1224 1431; x_wconf 83' lang='lat' dir='ltr'><strong><em>impetum</em></strong></span> 
     </span>
     <span class='ocr_line' id='line_1_11' title="bbox 114 1431 1224 1496; baseline 0.001 -16"><span class='ocrx_word' id='word_1_69' title='bbox 114 1431 202 1491; x_wconf 78' lang='lat' dir='ltr'><strong><em>sociat</em></strong></span> <span class='ocrx_word' id='word_1_70' title='bbox 235 1431 287 1480; x_wconf 76' lang='lat' dir='ltr'><strong><em>Pr.</em></strong></span> <span class='ocrx_word' id='word_1_71' title='bbox 306 1431 403 1481; x_wconf 84' lang='lat' dir='ltr'><strong><em>Certum</em></strong></span> <span class='ocrx_word' id='word_1_72' title='bbox 413 1439 448 1482; x_wconf 89' lang='lat' dir='ltr'><strong><em>est</em></strong></span> <span class='ocrx_word' id='word_1_73' title='bbox 465 1433 526 1482; x_wconf 85' lang='lat' dir='ltr'><strong><em>mibi</em></strong></span> <span class='ocrx_word' id='word_1_74' title='bbox 539 1449 652 1496; x_wconf 71' lang='lat' dir='ltr'><strong><em>magnum</em></strong></span> <span class='ocrx_word' id='word_1_75' title='bbox 666 1449 697 1482; x_wconf 78' lang='lat' dir='ltr'><strong><em>ex</em></strong></span> <span class='ocrx_word' id='word_1_76' title='bbox 715 1435 801 1484; x_wconf 83' lang='lat' dir='ltr'><strong><em>beers</em></strong></span> <span class='ocrx_word' id='word_1_77' title='bbox 820 1435 950 1496; x_wconf 83' lang='lat' dir='ltr'><strong><em>impendere</em></strong></span> <span class='ocrx_word' id='word_1_78' title='bbox 967 1434 1066 1484; x_wconf 81' lang='lat' dir='ltr'><strong><em>molum:</em></strong></span> <span class='ocrx_word' id='word_1_79' title='bbox 1083 1436 1224 1482; x_wconf 85' lang='lat' dir='ltr'><strong><em>sedneeesse</em></strong></span> 
     </span>
     <span class='ocr_line' id='line_1_12' title="bbox 114 1496 1223 1562; baseline 0.001 -17"><span class='ocrx_word' id='word_1_80' title='bbox 114 1496 169 1556; x_wconf 82' lang='lat' dir='ltr'><strong><em>suit</em></strong></span> <span class='ocrx_word' id='word_1_81' title='bbox 180 1497 319 1556; x_wconf 82' lang='lat' dir='ltr'><strong><em>boesaetum</em></strong></span> <span class='ocrx_word' id='word_1_82' title='bbox 329 1498 418 1557; x_wconf 76' lang='lat' dir='ltr'><strong><em>referre</em></strong></span> <span class='ocrx_word' id='word_1_83' title='bbox 428 1499 488 1557; x_wconf 85' lang='lat' dir='ltr'><strong><em>seni,</em></strong></span> <span class='ocrx_word' id='word_1_84' title='bbox 498 1500 585 1562; x_wconf 79' lang='lat' dir='ltr'><strong><em>ntfilio</em></strong></span> <span class='ocrx_word' id='word_1_85' title='bbox 596 1516 638 1547; x_wconf 87' lang='lat' dir='ltr'><strong><em>suo</em></strong></span> <span class='ocrx_word' id='word_1_86' title='bbox 651 1500 755 1546; x_wconf 77' lang='lat' dir='ltr'><strong><em>Clroereoe</em></strong></span> <span class='ocrx_word' id='word_1_87' title='bbox 765 1504 916 1547; x_wconf 77' lang='lat' dir='ltr'><strong><em>suerumeret.</em></strong></span> <span class='ocrx_word' id='word_1_88' title='bbox 950 1499 991 1546; x_wconf 79' lang='lat' dir='ltr'><strong><em>Ex</em></strong></span> <span class='ocrx_word' id='word_1_89' title='bbox 1008 1499 1049 1546; x_wconf 86' lang='lat' dir='ltr'><strong><em>boe</em></strong></span> <span class='ocrx_word' id='word_1_90' title='bbox 1058 1501 1149 1559; x_wconf 79' lang='lat' dir='ltr'><strong><em>gaudeo</em></strong></span> <span class='ocrx_word' id='word_1_91' title='bbox 1161 1499 1223 1546; x_wconf 87' lang='lat' dir='ltr'><strong><em>bises</em></strong></span> 
     </span>
     <span class='ocr_line' id='line_1_13' title="bbox 120 1561 1222 1626; baseline 0.002 -18"><span class='ocrx_word' id='word_1_92' title='bbox 120 1561 291 1621; x_wconf 73' lang='lat' dir='ltr'><strong><em>meretricibus,</em></strong></span> <span class='ocrx_word' id='word_1_93' title='bbox 300 1562 347 1609; x_wconf 87' lang='lat' dir='ltr'><strong><em>mei</em></strong></span> <span class='ocrx_word' id='word_1_94' title='bbox 358 1575 437 1622; x_wconf 84' lang='lat' dir='ltr'><strong><em>causa,</em></strong></span> <span class='ocrx_word' id='word_1_95' title='bbox 449 1563 543 1626; x_wconf 76' lang='lat' dir='ltr'><strong><em>aliquod</em></strong></span> <span class='ocrx_word' id='word_1_96' title='bbox 554 1565 640 1611; x_wconf 84' lang='lat' dir='ltr'><strong><em>malum</em></strong></span> <span class='ocrx_word' id='word_1_97' title='bbox 645 1563 738 1622; x_wconf 83' lang='lat' dir='ltr'><strong><em>suetum</em></strong></span> <span class='ocrx_word' id='word_1_98' title='bbox 749 1564 796 1612; x_wconf 88' lang='lat' dir='ltr'><strong><em>iri:</em></strong></span> <span class='ocrx_word' id='word_1_99' title='bbox 815 1577 871 1611; x_wconf 88' lang='lat' dir='ltr'><strong><em>nom</em></strong></span> <span class='ocrx_word' id='word_1_100' title='bbox 882 1563 935 1623; x_wconf 77' lang='lat' dir='ltr'><strong><em>jam</em></strong></span> <span class='ocrx_word' id='word_1_101' title='bbox 947 1565 1039 1624; x_wconf 89' lang='lat' dir='ltr'><strong><em>pridem</em></strong></span> <span class='ocrx_word' id='word_1_102' title='bbox 1054 1563 1156 1625; x_wconf 87' lang='lat' dir='ltr'><strong><em>aliquam</em></strong></span> <span class='ocrx_word' id='word_1_103' title='bbox 1167 1578 1222 1610; x_wconf 85' lang='lat' dir='ltr'><strong><em>cau·</em></strong></span> 
     </span>
     <span class='ocr_line' id='line_1_14' title="bbox 119 1625 1222 1692; baseline 0.001 -19"><span class='ocrx_word' id='word_1_104' title='bbox 119 1639 171 1673; x_wconf 78' lang='lat' dir='ltr'><strong><em>sem</em></strong></span> <span class='ocrx_word' id='word_1_105' title='bbox 181 1626 278 1687; x_wconf 80' lang='lat' dir='ltr'><strong><em>optabat</em></strong></span> <span class='ocrx_word' id='word_1_106' title='bbox 288 1625 372 1675; x_wconf 83' lang='lat' dir='ltr'><strong><em>babere</em></strong></span> <span class='ocrx_word' id='word_1_107' title='bbox 382 1641 462 1690; x_wconf 78' lang='lat' dir='ltr'><strong><em>senes,</em></strong></span> <span class='ocrx_word' id='word_1_108' title='bbox 474 1632 501 1676; x_wconf 84' lang='lat' dir='ltr'><strong><em>ut</em></strong></span> <span class='ocrx_word' id='word_1_109' title='bbox 511 1627 605 1692; x_wconf 82' lang='lat' dir='ltr'><strong><em>aliquod</em></strong></span> <span class='ocrx_word' id='word_1_110' title='bbox 615 1628 708 1689; x_wconf 80' lang='lat' dir='ltr'><strong><em>insigne</em></strong></span> <span class='ocrx_word' id='word_1_111' title='bbox 721 1627 818 1689; x_wconf 83' lang='lat' dir='ltr'><strong><em>sueinus</em></strong></span> <span class='ocrx_word' id='word_1_112' title='bbox 833 1627 859 1675; x_wconf 88' lang='lat' dir='ltr'><strong><em>in</em></strong></span> <span class='ocrx_word' id='word_1_113' title='bbox 870 1627 1003 1676; x_wconf 73' lang='lat' dir='ltr'><strong><em>meretrices</em></strong></span> <span class='ocrx_word' id='word_1_114' title='bbox 1017 1626 1077 1676; x_wconf 84' lang='lat' dir='ltr'><strong><em>istas</em></strong></span> <span class='ocrx_word' id='word_1_115' title='bbox 1091 1627 1184 1676; x_wconf 79' lang='lat' dir='ltr'><strong><em>ederet:</em></strong></span> <span class='ocrx_word' id='word_1_116' title='bbox 1200 1626 1222 1674; x_wconf 85' lang='lat' dir='ltr'><strong><em>is</em></strong></span> 
     </span>
     <span class='ocr_line' id='line_1_15' title="bbox 119 1691 293 1739; baseline -0.011 0"><span class='ocrx_word' id='word_1_117' title='bbox 119 1704 182 1739; x_wconf 79' lang='lat' dir='ltr'><strong><em>nuno</em></strong></span> <span class='ocrx_word' id='word_1_118' title='bbox 192 1691 293 1738; x_wconf 84' lang='lat' dir='ltr'><strong><em>inuenit.</em></strong></span> 
     </span>
    </p>
   </div>
   <div class='ocr_carea' id='block_1_4' title="bbox 575 1785 757 1805">
    <p class='ocr_par' dir='ltr' id='par_1_9' title="bbox 575 1785 757 1805">
     <span class='ocr_line' id='line_1_16' title="bbox 575 1785 757 1805; baseline 0.016 -2"><span class='ocrx_word' id='word_1_119' title='bbox 575 1785 757 1805; x_wconf 61' lang='lat' dir='ltr'><strong><em>”numm</em></strong></span> 
     </span>
    </p>
   </div>
   <div class='ocr_carea' id='block_1_5' title="bbox 120 1875 1227 3341">
    <p class='ocr_par' dir='ltr' id='par_1_10' title="bbox 120 1875 1227 3341">
     <span class='ocr_line' id='line_1_17' title="bbox 121 1875 1223 1941; baseline 0.001 -18"><span class='ocrx_word' id='word_1_120' title='bbox 121 1875 239 1923; x_wconf 73' lang='lat' dir='ltr'><strong><em>iae-no</em></strong></span> <span class='ocrx_word' id='word_1_121' title='bbox 261 1875 340 1923; x_wconf 80' lang='lat' dir='ltr'><strong><em>Forte</em></strong></span> <span class='ocrx_word' id='word_1_122' title='bbox 362 1875 487 1923; x_wconf 78' lang='lat' dir='ltr'><strong><em>lielietum.</em></strong></span> <span class='ocrx_word' id='word_1_123' title='bbox 515 1876 557 1924; x_wconf 86' lang='lat' dir='ltr'><strong><em>Er.</em></strong></span> <span class='ocrx_word' id='word_1_124' title='bbox 590 1875 778 1939; x_wconf 79' lang='lat' dir='ltr'><strong><em>introrumpere]</em></strong></span> <span class='ocrx_word' id='word_1_125' title='bbox 812 1876 865 1925; x_wconf 88' lang='lat' dir='ltr'><strong><em>Alli</em></strong></span> <span class='ocrx_word' id='word_1_126' title='bbox 883 1877 948 1926; x_wconf 87' lang='lat' dir='ltr'><strong><em>intro</em></strong></span> <span class='ocrx_word' id='word_1_127' title='bbox 973 1878 1111 1941; x_wconf 78' lang='lat' dir='ltr'><strong><em>irrumpere.</em></strong></span> <span class='ocrx_word' id='word_1_128' title='bbox 1153 1877 1223 1926; x_wconf 82' lang='lat' dir='ltr'><strong><em>Non.</em></strong></span> 
     </span>
     <span class='ocr_line' id='line_1_18' title="bbox 121 1939 1223 2004; baseline 0.002 -16"><span class='ocrx_word' id='word_1_129' title='bbox 121 1940 285 1988; x_wconf 80' lang='lat' dir='ltr'><strong><em>Marcellus:</em></strong></span> <span class='ocrx_word' id='word_1_130' title='bbox 305 1939 493 2000; x_wconf 86' lang='lat' dir='ltr'><strong><em>introrumpere.</em></strong></span> <span class='ocrx_word' id='word_1_131' title='bbox 515 1939 548 1988; x_wconf 89' lang='lat' dir='ltr'><strong><em>G.</em></strong></span> <span class='ocrx_word' id='word_1_132' title='bbox 563 1941 684 1988; x_wconf 87' lang='lat' dir='ltr'><strong><em>Cureesso</em></strong></span> <span class='ocrx_word' id='word_1_133' title='bbox 694 1943 738 1989; x_wconf 87' lang='lat' dir='ltr'><strong><em>bne</em></strong></span> <span class='ocrx_word' id='word_1_134' title='bbox 748 1942 833 1991; x_wconf 73' lang='lat' dir='ltr'><strong><em>intuor.</em></strong></span> <span class='ocrx_word' id='word_1_135' title='bbox 851 1941 934 1992; x_wconf 87' lang='lat' dir='ltr'><strong><em>West.</em></strong></span> <span class='ocrx_word' id='word_1_136' title='bbox 959 1942 1091 2004; x_wconf 83' lang='lat' dir='ltr'><strong><em>Reliquam.</em></strong></span> <span class='ocrx_word' id='word_1_137' title='bbox 1121 1942 1223 1990; x_wconf 76' lang='lat' dir='ltr'><strong><em>Tantum</em></strong></span> 
     </span>
     <span class='ocr_line' id='line_1_19' title="bbox 120 2002 1223 2069; baseline 0.002 -17"><span class='ocrx_word' id='word_1_138' title='bbox 120 2010 162 2052; x_wconf 83' lang='lat' dir='ltr'><strong><em>est.</em></strong></span> <span class='ocrx_word' id='word_1_139' title='bbox 192 2006 264 2052; x_wconf 83' lang='lat' dir='ltr'><strong><em>Cesso</em></strong></span> <span class='ocrx_word' id='word_1_140' title='bbox 272 2003 317 2051; x_wconf 88' lang='lat' dir='ltr'><strong><em>buc</em></strong></span> <span class='ocrx_word' id='word_1_141' title='bbox 333 2002 395 2051; x_wconf 88' lang='lat' dir='ltr'><strong><em>intro</em></strong></span> <span class='ocrx_word' id='word_1_142' title='bbox 406 2002 547 2066; x_wconf 80' lang='lat' dir='ltr'><strong><em>irrumpere]</em></strong></span> <span class='ocrx_word' id='word_1_143' title='bbox 565 2005 638 2056; x_wconf 90' lang='lat' dir='ltr'><strong><em>Bem.</em></strong></span> <span class='ocrx_word' id='word_1_144' title='bbox 650 2013 678 2054; x_wconf 91' lang='lat' dir='ltr'><strong><em>et</em></strong></span> <span class='ocrx_word' id='word_1_145' title='bbox 689 2006 731 2053; x_wconf 85' lang='lat' dir='ltr'><strong><em>vi.</em></strong></span> <span class='ocrx_word' id='word_1_146' title='bbox 744 2013 771 2054; x_wconf 90' lang='lat' dir='ltr'><strong><em>et</em></strong></span> <span class='ocrx_word' id='word_1_147' title='bbox 780 2006 860 2069; x_wconf 79' lang='lat' dir='ltr'><strong><em>aliqui</em></strong></span> <span class='ocrx_word' id='word_1_148' title='bbox 871 2006 924 2067; x_wconf 81' lang='lat' dir='ltr'><strong><em>alii,</em></strong></span> <span class='ocrx_word' id='word_1_149' title='bbox 934 2007 1115 2068; x_wconf 81' lang='lat' dir='ltr'><strong><em>introrumpere.</em></strong></span> <span class='ocrx_word' id='word_1_150' title='bbox 1143 2007 1223 2054; x_wconf 86' lang='lat' dir='ltr'><strong><em>Utro·</em></strong></span> 
     </span>
     <span class='ocr_line' id='line_1_20' title="bbox 122 2068 1224 2132; baseline 0.002 -16"><span class='ocrx_word' id='word_1_151' title='bbox 122 2083 170 2132; x_wconf 89' lang='lat' dir='ltr'><strong><em>que</em></strong></span> <span class='ocrx_word' id='word_1_152' title='bbox 192 2068 269 2116; x_wconf 89' lang='lat' dir='ltr'><strong><em>modo</em></strong></span> <span class='ocrx_word' id='word_1_153' title='bbox 293 2081 381 2115; x_wconf 78' lang='lat' dir='ltr'><strong><em>versus</em></strong></span> <span class='ocrx_word' id='word_1_154' title='bbox 399 2073 460 2125; x_wconf 83' lang='lat' dir='ltr'><strong><em>stat,</em></strong></span> <span class='ocrx_word' id='word_1_155' title='bbox 477 2070 498 2116; x_wconf 89' lang='lat' dir='ltr'><strong><em>si</em></strong></span> <span class='ocrx_word' id='word_1_156' title='bbox 518 2069 543 2117; x_wconf 91' lang='lat' dir='ltr'><strong><em>in</em></strong></span> <span class='ocrx_word' id='word_1_157' title='bbox 560 2070 661 2117; x_wconf 88' lang='lat' dir='ltr'><strong><em>‘Cesso</em></strong></span> <span class='ocrx_word' id='word_1_158' title='bbox 675 2068 740 2118; x_wconf 88' lang='lat' dir='ltr'><strong><em>hue&#39;</em></strong></span> <span class='ocrx_word' id='word_1_159' title='bbox 763 2071 913 2130; x_wconf 80' lang='lat' dir='ltr'><strong><em>synaloephe</em></strong></span> <span class='ocrx_word' id='word_1_160' title='bbox 934 2084 985 2118; x_wconf 89' lang='lat' dir='ltr'><strong><em>uon</em></strong></span> <span class='ocrx_word' id='word_1_161' title='bbox 1004 2070 1060 2118; x_wconf 81' lang='lat' dir='ltr'><strong><em>liat.</em></strong></span> <span class='ocrx_word' id='word_1_162' title='bbox 1078 2070 1123 2119; x_wconf 87' lang='lat' dir='ltr'><strong><em>Fa.</em></strong></span> <span class='ocrx_word' id='word_1_163' title='bbox 1163 2071 1224 2119; x_wconf 89' lang='lat' dir='ltr'><strong><em>Nou</em></strong></span> 
     </span>
     <span class='ocr_line' id='line_1_21' title="bbox 121 2129 1225 2209; baseline 0.001 -28"><span class='ocrx_word' id='word_1_164' title='bbox 121 2135 146 2181; x_wconf 91' lang='lat' dir='ltr'><strong><em>in</em></strong></span> <span class='ocrx_word' id='word_1_165' title='bbox 158 2133 166 2161; x_wconf 92' lang='lat'>‘</span> <span class='ocrx_word' id='word_1_166' title='bbox 179 2133 261 2181; x_wconf 86' lang='lat' dir='ltr'><strong><em>Cesso</em></strong></span> <span class='ocrx_word' id='word_1_167' title='bbox 271 2129 338 2179; x_wconf 83' lang='lat' dir='ltr'><strong><em>irac&#39;</em></strong></span> <span class='ocrx_word' id='word_1_168' title='bbox 350 2141 433 2179; x_wconf 80' lang='lat' dir='ltr'><strong><em>cessat</em></strong></span> <span class='ocrx_word' id='word_1_169' title='bbox 445 2133 599 2194; x_wconf 83' lang='lat' dir='ltr'><strong><em>Synaloepha</em></strong></span> <span class='ocrx_word' id='word_1_170' title='bbox 611 2150 617 2182; x_wconf 95' lang='lat'><strong><em>:</em></strong></span> <span class='ocrx_word' id='word_1_171' title='bbox 636 2133 682 2182; x_wconf 90' lang='lat' dir='ltr'><strong><em>sed</em></strong></span> <span class='ocrx_word' id='word_1_172' title='bbox 701 2134 823 2196; x_wconf 82' lang='lat' dir='ltr'><strong><em>Reliqiiom</em></strong></span> <span class='ocrx_word' id='word_1_173' title='bbox 834 2143 874 2182; x_wconf 88' lang='lat' dir='ltr'><strong><em>est</em></strong></span> <span class='ocrx_word' id='word_1_174' title='bbox 891 2134 1111 2209; x_wconf 86' lang='lat' dir='ltr'><strong><em>quadrisyllabon,</em></strong></span> <span class='ocrx_word' id='word_1_175' title='bbox 1122 2140 1150 2182; x_wconf 87' lang='lat' dir='ltr'><strong><em>at</em></strong></span> <span class='ocrx_word' id='word_1_176' title='bbox 1162 2134 1225 2182; x_wconf 79' lang='lat' dir='ltr'><strong><em>olibi</em></strong></span> 
     </span>
     <span class='ocr_line' id='line_1_22' title="bbox 121 2196 1225 2260; baseline 0.003 -16"><span class='ocrx_word' id='word_1_177' title='bbox 121 2210 254 2246; x_wconf 85' lang='lat' dir='ltr'><strong><em>nouraro.</em></strong></span> <span class='ocrx_word' id='word_1_178' title='bbox 288 2196 462 2258; x_wconf 75' lang='lat' dir='ltr'><strong><em>introrumpere</em></strong></span> <span class='ocrx_word' id='word_1_179' title='bbox 478 2202 563 2246; x_wconf 82' lang='lat' dir='ltr'><strong><em>autem</em></strong></span> <span class='ocrx_word' id='word_1_180' title='bbox 581 2199 659 2247; x_wconf 87' lang='lat' dir='ltr'><strong><em>etinm</em></strong></span> <span class='ocrx_word' id='word_1_181' title='bbox 679 2198 779 2246; x_wconf 89' lang='lat' dir='ltr'><strong><em>Nonius</em></strong></span> <span class='ocrx_word' id='word_1_182' title='bbox 798 2200 839 2246; x_wconf 87' lang='lat' dir='ltr'><strong><em>irie</em></strong></span> <span class='ocrx_word' id='word_1_183' title='bbox 861 2199 962 2260; x_wconf 72' lang='lat' dir='ltr'><strong><em>legite.</em></strong></span> <span class='ocrx_word' id='word_1_184' title='bbox 984 2198 1122 2258; x_wconf 80' lang='lat' dir='ltr'><strong><em>Rumpere.</em></strong></span> <span class='ocrx_word' id='word_1_185' title='bbox 1149 2197 1225 2247; x_wconf 83' lang='lat' dir='ltr'><strong><em>Beni.</em></strong></span> 
     </span>
     <span class='ocr_line' id='line_1_23' title="bbox 122 2258 1223 2326; baseline 0.002 -17"><span class='ocrx_word' id='word_1_186' title='bbox 122 2261 244 2310; x_wconf 80' lang='lat' dir='ltr'><strong><em>Relictam</em></strong></span> <span class='ocrx_word' id='word_1_187' title='bbox 255 2258 374 2307; x_wconf 82' lang='lat' dir='ltr'><strong><em>defendit</em></strong></span> <span class='ocrx_word' id='word_1_188' title='bbox 384 2260 462 2309; x_wconf 85' lang='lat' dir='ltr'><strong><em>Both.</em></strong></span> <span class='ocrx_word' id='word_1_189' title='bbox 483 2261 516 2309; x_wconf 85' lang='lat' dir='ltr'><strong><em>ob</em></strong></span> <span class='ocrx_word' id='word_1_190' title='bbox 527 2271 673 2310; x_wconf 82' lang='lat' dir='ltr'><strong><em>accentum.</em></strong></span> <span class='ocrx_word' id='word_1_191' title='bbox 708 2262 800 2310; x_wconf 84' lang='lat' dir='ltr'><strong><em>Cesson&#39;</em></strong></span> <span class='ocrx_word' id='word_1_192' title='bbox 820 2263 915 2326; x_wconf 87' lang='lat' dir='ltr'><strong><em>Delph.</em></strong></span> <span class='ocrx_word' id='word_1_193' title='bbox 949 2262 1018 2310; x_wconf 85' lang='lat' dir='ltr'><strong><em>Intro</em></strong></span> <span class='ocrx_word' id='word_1_194' title='bbox 1034 2263 1163 2322; x_wconf 86' lang='lat' dir='ltr'><strong><em>irrumpere</em></strong></span> <span class='ocrx_word' id='word_1_195' title='bbox 1179 2262 1223 2312; x_wconf 90' lang='lat' dir='ltr'><strong><em>Br.</em></strong></span> 
     </span>
     <span class='ocr_line' id='line_1_24' title="bbox 122 2323 1225 2390; baseline 0.003 -17"><span class='ocrx_word' id='word_1_196' title='bbox 122 2329 186 2374; x_wconf 77' lang='lat'><strong><em>-28</em></strong></span> <span class='ocrx_word' id='word_1_197' title='bbox 204 2323 317 2386; x_wconf 85' lang='lat' dir='ltr'><strong><em>Necesse]</em></strong></span> <span class='ocrx_word' id='word_1_198' title='bbox 334 2323 437 2373; x_wconf 81' lang='lat' dir='ltr'><strong><em>Donato</em></strong></span> <span class='ocrx_word' id='word_1_199' title='bbox 449 2331 618 2373; x_wconf 87' lang='lat' dir='ltr'><strong><em>memoratum</em></strong></span> <span class='ocrx_word' id='word_1_200' title='bbox 629 2341 735 2375; x_wconf 86' lang='lat' dir='ltr'><strong><em>necessus</em></strong></span> <span class='ocrx_word' id='word_1_201' title='bbox 748 2325 866 2374; x_wconf 85' lang='lat' dir='ltr'><strong><em>defendit</em></strong></span> <span class='ocrx_word' id='word_1_202' title='bbox 878 2328 910 2375; x_wconf 89' lang='lat' dir='ltr'><strong><em>P.</em></strong></span> <span class='ocrx_word' id='word_1_203' title='bbox 923 2327 1064 2387; x_wconf 85' lang='lat' dir='ltr'><strong><em>Victorius,</em></strong></span> <span class='ocrx_word' id='word_1_204' title='bbox 1077 2326 1225 2390; x_wconf 79' lang='lat' dir='ltr'><strong><em>legiturque</em></strong></span> 
     </span>
     <span class='ocr_line' id='line_1_25' title="bbox 123 2388 1224 2452; baseline 0.002 -14"><span class='ocrx_word' id='word_1_205' title='bbox 123 2390 147 2437; x_wconf 89' lang='lat' dir='ltr'><strong><em>in</em></strong></span> <span class='ocrx_word' id='word_1_206' title='bbox 159 2388 294 2450; x_wconf 87' lang='lat' dir='ltr'><strong><em>exemplo,</em></strong></span> <span class='ocrx_word' id='word_1_207' title='bbox 312 2403 362 2451; x_wconf 88' lang='lat' dir='ltr'><strong><em>quo</em></strong></span> <span class='ocrx_word' id='word_1_208' title='bbox 383 2402 444 2436; x_wconf 86' lang='lat' dir='ltr'><strong><em>usus</em></strong></span> <span class='ocrx_word' id='word_1_209' title='bbox 459 2397 500 2438; x_wconf 87' lang='lat' dir='ltr'><strong><em>est</em></strong></span> <span class='ocrx_word' id='word_1_210' title='bbox 518 2390 647 2452; x_wconf 81' lang='lat' dir='ltr'><strong><em>Guyetus,</em></strong></span> <span class='ocrx_word' id='word_1_211' title='bbox 666 2390 728 2438; x_wconf 87' lang='lat' dir='ltr'><strong><em>edit.</em></strong></span> <span class='ocrx_word' id='word_1_212' title='bbox 751 2391 872 2440; x_wconf 86' lang='lat' dir='ltr'><strong><em>Heidelb.</em></strong></span> <span class='ocrx_word' id='word_1_213' title='bbox 890 2395 963 2439; x_wconf 79' lang='lat'><strong><em>1587.</em></strong></span> <span class='ocrx_word' id='word_1_214' title='bbox 993 2391 1069 2440; x_wconf 88' lang='lat' dir='ltr'><strong><em>West.</em></strong></span> <span class='ocrx_word' id='word_1_215' title='bbox 1102 2390 1133 2439; x_wconf 89' lang='lat' dir='ltr'><strong><em>ln</em></strong></span> <span class='ocrx_word' id='word_1_216' title='bbox 1149 2391 1224 2440; x_wconf 89' lang='lat' dir='ltr'><strong><em>Bem.</em></strong></span> 
     </span>
     <span class='ocr_line' id='line_1_26' title="bbox 123 2454 1225 2518; baseline 0.003 -17"><span class='ocrx_word' id='word_1_217' title='bbox 123 2455 251 2516; x_wconf 85' lang='lat' dir='ltr'><strong><em>seriptum</em></strong></span> <span class='ocrx_word' id='word_1_218' title='bbox 268 2457 309 2499; x_wconf 88' lang='lat' dir='ltr'><strong><em>est</em></strong></span> <span class='ocrx_word' id='word_1_219' title='bbox 328 2467 443 2514; x_wconf 78' lang='lat' dir='ltr'><strong><em>necessus,</em></strong></span> <span class='ocrx_word' id='word_1_220' title='bbox 460 2454 528 2516; x_wconf 90' lang='lat' dir='ltr'><strong><em>quod</em></strong></span> <span class='ocrx_word' id='word_1_221' title='bbox 550 2463 576 2501; x_wconf 83' lang='lat' dir='ltr'><strong><em>et</em></strong></span> <span class='ocrx_word' id='word_1_222' title='bbox 595 2457 647 2504; x_wconf 92' lang='lat' dir='ltr'><strong><em>Do.</em></strong></span> <span class='ocrx_word' id='word_1_223' title='bbox 668 2454 791 2503; x_wconf 81' lang='lat' dir='ltr'><strong><em>admittit.</em></strong></span> <span class='ocrx_word' id='word_1_224' title='bbox 809 2455 854 2504; x_wconf 86' lang='lat' dir='ltr'><strong><em>Fa.</em></strong></span> <span class='ocrx_word' id='word_1_225' title='bbox 888 2456 955 2504; x_wconf 83' lang='lat' dir='ltr'><strong><em>Sene</em></strong></span> <span class='ocrx_word' id='word_1_226' title='bbox 975 2456 1073 2517; x_wconf 76' lang='lat' dir='ltr'>syllaba</span> <span class='ocrx_word' id='word_1_227' title='bbox 1092 2456 1225 2518; x_wconf 81' lang='lat' dir='ltr'><strong><em>longalrie</em></strong></span> 
     </span>
     <span class='ocr_line' id='line_1_27' title="bbox 124 2517 1226 2582; baseline 0.002 -15"><span class='ocrx_word' id='word_1_228' title='bbox 124 2533 225 2567; x_wconf 85' lang='lat' dir='ltr'><strong><em>versum</em></strong></span> <span class='ocrx_word' id='word_1_229' title='bbox 246 2517 362 2579; x_wconf 82' lang='lat' dir='ltr'><strong><em>adjuvat.</em></strong></span> <span class='ocrx_word' id='word_1_230' title='bbox 396 2518 447 2566; x_wconf 88' lang='lat' dir='ltr'><strong><em>Sed</em></strong></span> <span class='ocrx_word' id='word_1_231' title='bbox 468 2533 586 2566; x_wconf 85' lang='lat' dir='ltr'><strong><em>necessum</em></strong></span> <span class='ocrx_word' id='word_1_232' title='bbox 604 2520 646 2568; x_wconf 84' lang='lat' dir='ltr'><strong><em>hie</em></strong></span> <span class='ocrx_word' id='word_1_233' title='bbox 668 2519 764 2580; x_wconf 86' lang='lat' dir='ltr'><strong><em>malim,</em></strong></span> <span class='ocrx_word' id='word_1_234' title='bbox 782 2525 811 2567; x_wconf 93' lang='lat' dir='ltr'><strong><em>ut</em></strong></span> <span class='ocrx_word' id='word_1_235' title='bbox 827 2533 898 2582; x_wconf 87' lang='lat' dir='ltr'><strong><em>saepe</em></strong></span> <span class='ocrx_word' id='word_1_236' title='bbox 918 2521 987 2582; x_wconf 82' lang='lat' dir='ltr'><strong><em>apud</em></strong></span> <span class='ocrx_word' id='word_1_237' title='bbox 1007 2519 1137 2568; x_wconf 81' lang='lat' dir='ltr'><strong><em>Plautum.</em></strong></span> <span class='ocrx_word' id='word_1_238' title='bbox 1171 2522 1226 2569; x_wconf 93' lang='lat' dir='ltr'><strong><em>Do·</em></strong></span> 
     </span>
     <span class='ocr_line' id='line_1_28' title="bbox 123 2582 1226 2646; baseline 0.004 -15"><span class='ocrx_word' id='word_1_239' title='bbox 123 2591 199 2632; x_wconf 82' lang='lat' dir='ltr'><strong><em>uatus</em></strong></span> <span class='ocrx_word' id='word_1_240' title='bbox 216 2582 320 2646; x_wconf 89' lang='lat' dir='ltr'><strong><em>quidem</em></strong></span> <span class='ocrx_word' id='word_1_241' title='bbox 339 2583 455 2644; x_wconf 82' lang='lat' dir='ltr'><strong><em>agnoseit</em></strong></span> <span class='ocrx_word' id='word_1_242' title='bbox 472 2597 586 2640; x_wconf 84' lang='lat' dir='ltr'><strong><em>necessus,</em></strong></span> <span class='ocrx_word' id='word_1_243' title='bbox 603 2585 649 2632; x_wconf 90' lang='lat' dir='ltr'><strong><em>sed</em></strong></span> <span class='ocrx_word' id='word_1_244' title='bbox 676 2598 771 2646; x_wconf 85' lang='lat' dir='ltr'><strong><em>genere</em></strong></span> <span class='ocrx_word' id='word_1_245' title='bbox 796 2584 937 2633; x_wconf 79' lang='lat' dir='ltr'><strong><em>masculino</em></strong></span> <span class='ocrx_word' id='word_1_246' title='bbox 957 2591 987 2632; x_wconf 89' lang='lat' dir='ltr'><strong><em>ut</em></strong></span> <span class='ocrx_word' id='word_1_247' title='bbox 1010 2585 1116 2633; x_wconf 85' lang='lat' dir='ltr'><strong><em>necessis.</em></strong></span> <span class='ocrx_word' id='word_1_248' title='bbox 1145 2585 1226 2635; x_wconf 83' lang='lat' dir='ltr'><strong><em>Beni.</em></strong></span> 
     </span>
     <span class='ocr_line' id='line_1_29' title="bbox 124 2646 1227 2708; baseline 0.002 -13"><span class='ocrx_word' id='word_1_249' title='bbox 124 2648 253 2695; x_wconf 84' lang='lat' dir='ltr'><strong><em>Necessum</em></strong></span> <span class='ocrx_word' id='word_1_250' title='bbox 271 2646 332 2708; x_wconf 86' lang='lat' dir='ltr'><strong><em>Bip.</em></strong></span> <span class='ocrx_word' id='word_1_251' title='bbox 363 2647 422 2696; x_wconf 86' lang='lat' dir='ltr'><strong><em>Fuit</em></strong></span> <span class='ocrx_word' id='word_1_252' title='bbox 440 2661 557 2695; x_wconf 75' lang='lat' dir='ltr'><strong><em>necessum</em></strong></span> <span class='ocrx_word' id='word_1_253' title='bbox 575 2649 653 2697; x_wconf 83' lang='lat' dir='ltr'><strong><em>Both.</em></strong></span> <span class='ocrx_word' id='word_1_254' title='bbox 680 2648 737 2696; x_wconf 83' lang='lat' dir='ltr'><strong><em>Fuit</em></strong></span> <span class='ocrx_word' id='word_1_255' title='bbox 753 2662 860 2696; x_wconf 83' lang='lat' dir='ltr'><strong><em>necessus</em></strong></span> <span class='ocrx_word' id='word_1_256' title='bbox 882 2648 1020 2697; x_wconf 78' lang='lat' dir='ltr'><strong><em>Peru—29</em></strong></span> <span class='ocrx_word' id='word_1_257' title='bbox 1040 2649 1170 2697; x_wconf 87' lang='lat' dir='ltr'><strong><em>Venturum</em></strong></span> <span class='ocrx_word' id='word_1_258' title='bbox 1187 2649 1227 2698; x_wconf 88' lang='lat' dir='ltr'><strong><em>M.</em></strong></span> 
     </span>
     <span class='ocr_line' id='line_1_30' title="bbox 126 2711 1226 2776; baseline 0.001 -15"><span class='ocrx_word' id='word_1_259' title='bbox 126 2713 205 2761; x_wconf 88' lang='lat' dir='ltr'><strong><em>West.</em></strong></span> <span class='ocrx_word' id='word_1_260' title='bbox 241 2711 284 2758; x_wconf 89' lang='lat' dir='ltr'><strong><em>Me</em></strong></span> <span class='ocrx_word' id='word_1_261' title='bbox 292 2716 388 2772; x_wconf 85' lang='lat' dir='ltr'><strong><em>propter</em></strong></span> <span class='ocrx_word' id='word_1_262' title='bbox 399 2712 431 2760; x_wconf 88' lang='lat' dir='ltr'><strong><em>al.</em></strong></span> <span class='ocrx_word' id='word_1_263' title='bbox 443 2713 505 2759; x_wconf 85' lang='lat' dir='ltr'><strong><em>lrisee</em></strong></span> <span class='ocrx_word' id='word_1_264' title='bbox 516 2717 592 2761; x_wconf 84' lang='lat' dir='ltr'><strong><em>esent.</em></strong></span> <span class='ocrx_word' id='word_1_265' title='bbox 609 2712 667 2761; x_wconf 76' lang='lat' dir='ltr'><strong><em>neoti</em></strong></span> <span class='ocrx_word' id='word_1_266' title='bbox 677 2712 755 2760; x_wconf 81' lang='lat' dir='ltr'><strong><em>Both.</em></strong></span> <span class='ocrx_word' id='word_1_267' title='bbox 791 2713 848 2759; x_wconf 83' lang='lat' dir='ltr'><strong><em>Esse</em></strong></span> <span class='ocrx_word' id='word_1_268' title='bbox 861 2713 962 2761; x_wconf 84' lang='lat' dir='ltr'><strong><em>omittit</em></strong></span> <span class='ocrx_word' id='word_1_269' title='bbox 972 2719 999 2760; x_wconf 90' lang='lat' dir='ltr'><strong><em>et</em></strong></span> <span class='ocrx_word' id='word_1_270' title='bbox 1011 2713 1084 2762; x_wconf 91' lang='lat' dir='ltr'><strong><em>Perl.</em></strong></span> <span class='ocrx_word' id='word_1_271' title='bbox 1096 2713 1139 2776; x_wconf 82' lang='lat' dir='ltr'><strong><em>qui</em></strong></span> <span class='ocrx_word' id='word_1_272' title='bbox 1150 2721 1226 2763; x_wconf 82' lang='lat' dir='ltr'><strong><em>notet</em></strong></span> 
     </span>
     <span class='ocr_line' id='line_1_31' title="bbox 124 2773 1226 2840; baseline 0.002 -17"><span class='ocrx_word' id='word_1_273' title='bbox 124 2776 148 2825; x_wconf 91' lang='lat' dir='ltr'><strong><em>id</em></strong></span> <span class='ocrx_word' id='word_1_274' title='bbox 159 2775 257 2824; x_wconf 81' lang='lat' dir='ltr'><strong><em>lsabere</em></strong></span> <span class='ocrx_word' id='word_1_275' title='bbox 268 2773 356 2824; x_wconf 84' lang='lat' dir='ltr'><strong><em>Guelf.</em></strong></span> <span class='ocrx_word' id='word_1_276' title='bbox 367 2779 391 2823; x_wconf 81' lang='lat'><strong><em>2.</em></strong></span> <span class='ocrx_word' id='word_1_277' title='bbox 404 2779 492 2824; x_wconf 77' lang='lat' dir='ltr'><strong><em>u-sl</em></strong></span> <span class='ocrx_word' id='word_1_278' title='bbox 506 2776 578 2824; x_wconf 86' lang='lat' dir='ltr'><strong><em>Editi</em></strong></span> <span class='ocrx_word' id='word_1_279' title='bbox 587 2776 752 2825; x_wconf 86' lang='lat' dir='ltr'><strong><em>vetustissimi</em></strong></span> <span class='ocrx_word' id='word_1_280' title='bbox 759 2773 816 2823; x_wconf 86' lang='lat' dir='ltr'><strong><em>fere</em></strong></span> <span class='ocrx_word' id='word_1_281' title='bbox 825 2790 912 2824; x_wconf 88' lang='lat' dir='ltr'><strong><em>amnes</em></strong></span> <span class='ocrx_word' id='word_1_282' title='bbox 922 2791 980 2824; x_wconf 87' lang='lat' dir='ltr'><strong><em>cum</em></strong></span> <span class='ocrx_word' id='word_1_283' title='bbox 990 2777 1055 2826; x_wconf 91' lang='lat' dir='ltr'><strong><em>Mss.</em></strong></span> <span class='ocrx_word' id='word_1_284' title='bbox 1065 2777 1226 2840; x_wconf 83' lang='lat' dir='ltr'><strong><em>quibusdum,</em></strong></span> 
     </span>
     <span class='ocr_line' id='line_1_32' title="bbox 124 2838 1226 2904; baseline 0.003 -16"><span class='ocrx_word' id='word_1_285' title='bbox 124 2839 235 2904; x_wconf 87' lang='lat' dir='ltr'><strong><em>[utBr.]</em></strong></span> <span class='ocrx_word' id='word_1_286' title='bbox 245 2838 347 2898; x_wconf 88' lang='lat' dir='ltr'><strong><em>saeeret.</em></strong></span> <span class='ocrx_word' id='word_1_287' title='bbox 377 2839 480 2890; x_wconf 78' lang='lat' dir='ltr'><strong><em>lenone</em></strong></span> <span class='ocrx_word' id='word_1_288' title='bbox 498 2840 595 2903; x_wconf 85' lang='lat' dir='ltr'><strong><em>reperit.</em></strong></span> <span class='ocrx_word' id='word_1_289' title='bbox 629 2841 716 2888; x_wconf 88' lang='lat' dir='ltr'><strong><em>Minus</em></strong></span> <span class='ocrx_word' id='word_1_290' title='bbox 735 2847 866 2888; x_wconf 83' lang='lat' dir='ltr'><strong><em>accurate.</em></strong></span> <span class='ocrx_word' id='word_1_291' title='bbox 899 2840 943 2887; x_wconf 90' lang='lat' dir='ltr'><strong><em>ltn</em></strong></span> <span class='ocrx_word' id='word_1_292' title='bbox 960 2846 1046 2887; x_wconf 85' lang='lat' dir='ltr'><strong><em>tumen</em></strong></span> <span class='ocrx_word' id='word_1_293' title='bbox 1064 2848 1093 2889; x_wconf 87' lang='lat' dir='ltr'><strong><em>et</em></strong></span> <span class='ocrx_word' id='word_1_294' title='bbox 1110 2841 1185 2890; x_wconf 77' lang='lat' dir='ltr'><strong><em>lunt.</em></strong></span> <span class='ocrx_word' id='word_1_295' title='bbox 1197 2851 1226 2891; x_wconf 89' lang='lat' dir='ltr'><strong><em>et</em></strong></span> 
     </span>
     <span class='ocr_line' id='line_1_33' title="bbox 124 2903 1227 2968; baseline 0 -15"><span class='ocrx_word' id='word_1_296' title='bbox 124 2907 160 2953; x_wconf 80' lang='lat' dir='ltr'><strong><em>St.</em></strong></span> <span class='ocrx_word' id='word_1_297' title='bbox 173 2905 278 2954; x_wconf 79' lang='lat' dir='ltr'><strong><em>Aldinre</em></strong></span> <span class='ocrx_word' id='word_1_298' title='bbox 290 2903 400 2952; x_wconf 82' lang='lat' dir='ltr'><strong><em>variant.</em></strong></span> <span class='ocrx_word' id='word_1_299' title='bbox 423 2904 499 2954; x_wconf 89' lang='lat' dir='ltr'><strong><em>West.</em></strong></span> <span class='ocrx_word' id='word_1_300' title='bbox 535 2905 690 2959; x_wconf 82' lang='lat' dir='ltr'><strong><em>Quamobrem</em></strong></span> <span class='ocrx_word' id='word_1_301' title='bbox 699 2905 792 2966; x_wconf 80' lang='lat' dir='ltr'><strong><em>insigne</em></strong></span> <span class='ocrx_word' id='word_1_302' title='bbox 799 2904 887 2966; x_wconf 87' lang='lat' dir='ltr'><strong><em>aliquid</em></strong></span> <span class='ocrx_word' id='word_1_303' title='bbox 891 2904 985 2963; x_wconf 85' lang='lat' dir='ltr'><strong><em>faceret</em></strong></span> <span class='ocrx_word' id='word_1_304' title='bbox 995 2903 1040 2952; x_wconf 84' lang='lat' dir='ltr'><strong><em>iis:</em></strong></span> <span class='ocrx_word' id='word_1_305' title='bbox 1056 2919 1118 2952; x_wconf 87' lang='lat' dir='ltr'><strong><em>nane</em></strong></span> <span class='ocrx_word' id='word_1_306' title='bbox 1125 2905 1227 2968; x_wconf 79' lang='lat' dir='ltr'><strong><em>reperit]</em></strong></span> 
     </span>
     <span class='ocr_line' id='line_1_34' title="bbox 125 2966 1225 3030; baseline 0 -13"><span class='ocrx_word' id='word_1_307' title='bbox 125 2969 196 3017; x_wconf 86' lang='lat' dir='ltr'><strong><em>Unus</em></strong></span> <span class='ocrx_word' id='word_1_308' title='bbox 207 2976 308 3017; x_wconf 81' lang='lat' dir='ltr'><strong><em>tantum</em></strong></span> <span class='ocrx_word' id='word_1_309' title='bbox 320 2982 351 3016; x_wconf 87' lang='lat' dir='ltr'><strong><em>ex</em></strong></span> <span class='ocrx_word' id='word_1_310' title='bbox 363 2969 457 3017; x_wconf 87' lang='lat' dir='ltr'><strong><em>nostris</em></strong></span> <span class='ocrx_word' id='word_1_311' title='bbox 467 2970 514 3017; x_wconf 88' lang='lat' dir='ltr'><strong><em>hoe</em></strong></span> <span class='ocrx_word' id='word_1_312' title='bbox 523 2969 629 3018; x_wconf 86' lang='lat' dir='ltr'><strong><em>ordine:</em></strong></span> <span class='ocrx_word' id='word_1_313' title='bbox 648 2970 763 3018; x_wconf 89' lang='lat' dir='ltr'><strong><em>duoeum</em></strong></span> <span class='ocrx_word' id='word_1_314' title='bbox 774 2973 839 3017; x_wconf 86' lang='lat' dir='ltr'><strong><em>vett.</em></strong></span> <span class='ocrx_word' id='word_1_315' title='bbox 849 2966 1111 3029; x_wconf 73' lang='lat' dir='ltr'><strong><em>Eddinsignefaeeret</em></strong></span> <span class='ocrx_word' id='word_1_316' title='bbox 1120 2970 1225 3030; x_wconf 68' lang='lat' dir='ltr'><strong><em>aliquid:</em></strong></span> 
     </span>
     <span class='ocr_line' id='line_1_35' title="bbox 124 3031 1227 3098; baseline 0.003 -17"><span class='ocrx_word' id='word_1_317' title='bbox 124 3034 252 3096; x_wconf 83' lang='lat' dir='ltr'><strong><em>plerique,</em></strong></span> <span class='ocrx_word' id='word_1_318' title='bbox 264 3031 355 3094; x_wconf 88' lang='lat' dir='ltr'><strong><em>aliquid</em></strong></span> <span class='ocrx_word' id='word_1_319' title='bbox 365 3032 566 3094; x_wconf 83' lang='lat' dir='ltr'><strong><em>insignefaeeret.</em></strong></span> <span class='ocrx_word' id='word_1_320' title='bbox 584 3036 692 3098; x_wconf 86' lang='lat' dir='ltr'><strong><em>Repane</em></strong></span> <span class='ocrx_word' id='word_1_321' title='bbox 704 3034 863 3082; x_wconf 81' lang='lat' dir='ltr'><strong><em>certissime:</em></strong></span> <span class='ocrx_word' id='word_1_322' title='bbox 889 3033 1044 3088; x_wconf 82' lang='lat' dir='ltr'><strong><em>Quamobrem</em></strong></span> <span class='ocrx_word' id='word_1_323' title='bbox 1054 3034 1143 3096; x_wconf 85' lang='lat' dir='ltr'><strong><em>aliquid</em></strong></span> <span class='ocrx_word' id='word_1_324' title='bbox 1161 3049 1227 3095; x_wconf 78' lang='lat' dir='ltr'><strong><em>agre</em></strong></span> 
     </span>
     <span class='ocr_line' id='line_1_36' title="bbox 122 3097 1226 3161; baseline 0.002 -15"><span class='ocrx_word' id='word_1_325' title='bbox 122 3097 210 3155; x_wconf 76' lang='lat' dir='ltr'><strong><em>faceret</em></strong></span> <span class='ocrx_word' id='word_1_326' title='bbox 221 3099 271 3154; x_wconf 78' lang='lat' dir='ltr'><strong><em>iis:</em></strong></span> <span class='ocrx_word' id='word_1_327' title='bbox 287 3112 348 3145; x_wconf 85' lang='lat' dir='ltr'><strong><em>nunc</em></strong></span> <span class='ocrx_word' id='word_1_328' title='bbox 359 3098 456 3159; x_wconf 83' lang='lat' dir='ltr'><strong><em>reperit.</em></strong></span> <span class='ocrx_word' id='word_1_329' title='bbox 489 3097 589 3161; x_wconf 78' lang='lat' dir='ltr'><strong><em>Aliquid</em></strong></span> <span class='ocrx_word' id='word_1_330' title='bbox 607 3099 664 3147; x_wconf 86' lang='lat' dir='ltr'><strong><em>mali</em></strong></span> <span class='ocrx_word' id='word_1_331' title='bbox 683 3099 776 3159; x_wconf 77' lang='lat' dir='ltr'><strong><em>insigne</em></strong></span> <span class='ocrx_word' id='word_1_332' title='bbox 796 3112 828 3145; x_wconf 89' lang='lat' dir='ltr'><strong><em>ne</em></strong></span> <span class='ocrx_word' id='word_1_333' title='bbox 848 3099 968 3146; x_wconf 77' lang='lat' dir='ltr'><strong><em>Latinum</em></strong></span> <span class='ocrx_word' id='word_1_334' title='bbox 989 3098 1092 3160; x_wconf 88' lang='lat' dir='ltr'><strong><em>quidem</em></strong></span> <span class='ocrx_word' id='word_1_335' title='bbox 1112 3107 1159 3148; x_wconf 81' lang='lat' dir='ltr'><strong><em>est.</em></strong></span> <span class='ocrx_word' id='word_1_336' title='bbox 1194 3099 1226 3148; x_wconf 88' lang='lat' dir='ltr'><strong><em>lu</em></strong></span> 
     </span>
     <span class='ocr_line' id='line_1_37' title="bbox 127 3162 1227 3225; baseline 0.005 -16"><span class='ocrx_word' id='word_1_337' title='bbox 127 3163 207 3210; x_wconf 79' lang='lat' dir='ltr'><strong><em>altero</em></strong></span> <span class='ocrx_word' id='word_1_338' title='bbox 219 3176 324 3225; x_wconf 90' lang='lat' dir='ltr'><strong><em>quoque</em></strong></span> <span class='ocrx_word' id='word_1_339' title='bbox 335 3162 425 3210; x_wconf 89' lang='lat' dir='ltr'><strong><em>ordine</em></strong></span> <span class='ocrx_word' id='word_1_340' title='bbox 437 3162 524 3224; x_wconf 78' lang='lat' dir='ltr'><strong><em>legere</em></strong></span> <span class='ocrx_word' id='word_1_341' title='bbox 535 3164 642 3225; x_wconf 86' lang='lat' dir='ltr'><strong><em>poteris,</em></strong></span> <span class='ocrx_word' id='word_1_342' title='bbox 656 3163 812 3219; x_wconf 79' lang='lat' dir='ltr'><strong><em>Quamobrem</em></strong></span> <span class='ocrx_word' id='word_1_343' title='bbox 823 3162 1081 3224; x_wconf 79' lang='lat' dir='ltr'><strong><em>‹egresaeeretaliquid</em></strong></span> <span class='ocrx_word' id='word_1_344' title='bbox 1088 3163 1128 3213; x_wconf 87' lang='lat' dir='ltr'><strong><em>iis.</em></strong></span> <span class='ocrx_word' id='word_1_345' title='bbox 1146 3165 1227 3215; x_wconf 86' lang='lat' dir='ltr'><strong><em>Bent.</em></strong></span> 
     </span>
     <span class='ocr_line' id='line_1_38' title="bbox 128 3225 1226 3292; baseline 0.004 -17"><span class='ocrx_word' id='word_1_346' title='bbox 128 3227 161 3275; x_wconf 84' lang='lat' dir='ltr'><strong><em>lis</em></strong></span> <span class='ocrx_word' id='word_1_347' title='bbox 171 3227 200 3274; x_wconf 87' lang='grc' dir='ltr'><strong><em>Ζ.</em></strong></span> <span class='ocrx_word' id='word_1_348' title='bbox 213 3226 313 3290; x_wconf 88' lang='lat' dir='ltr'><strong><em>Delph.</em></strong></span> <span class='ocrx_word' id='word_1_349' title='bbox 332 3227 392 3289; x_wconf 88' lang='lat' dir='ltr'><strong><em>Bip.</em></strong></span> <span class='ocrx_word' id='word_1_350' title='bbox 411 3227 489 3276; x_wconf 85' lang='lat' dir='ltr'><strong><em>Botlr.</em></strong></span> <span class='ocrx_word' id='word_1_351' title='bbox 507 3234 534 3276; x_wconf 91' lang='lat' dir='ltr'><strong><em>et</em></strong></span> <span class='ocrx_word' id='word_1_352' title='bbox 553 3228 624 3276; x_wconf 85' lang='lat' dir='ltr'><strong><em>Peri.</em></strong></span> <span class='ocrx_word' id='word_1_353' title='bbox 635 3229 680 3292; x_wconf 90' lang='lat' dir='ltr'><strong><em>qui</em></strong></span> <span class='ocrx_word' id='word_1_354' title='bbox 696 3233 771 3277; x_wconf 80' lang='lat' dir='ltr'><strong><em>notet</em></strong></span> <span class='ocrx_word' id='word_1_355' title='bbox 787 3228 812 3279; x_wconf 90' lang='lat' dir='ltr'><strong><em>iu</em></strong></span> <span class='ocrx_word' id='word_1_356' title='bbox 831 3225 920 3278; x_wconf 84' lang='lat' dir='ltr'><strong><em>Guelf.</em></strong></span> <span class='ocrx_word' id='word_1_357' title='bbox 936 3230 960 3277; x_wconf 81' lang='grc'><strong><em>3.</em></strong></span> <span class='ocrx_word' id='word_1_358' title='bbox 981 3240 1037 3276; x_wconf 90' lang='lat' dir='ltr'><strong><em>esse</em></strong></span> <span class='ocrx_word' id='word_1_359' title='bbox 1056 3228 1078 3275; x_wconf 85' lang='lat' dir='ltr'><strong><em>is</em></strong></span> <span class='ocrx_word' id='word_1_360' title='bbox 1095 3243 1157 3277; x_wconf 90' lang='lat' dir='ltr'><strong><em>nune</em></strong></span> <span class='ocrx_word' id='word_1_361' title='bbox 1174 3243 1226 3292; x_wconf 87' lang='lat' dir='ltr'><strong><em>rep.</em></strong></span> 
     </span>
     <span class='ocr_line' id='line_1_39' title="bbox 127 3306 603 3341; baseline 0.006 -3"><span class='ocrx_word' id='word_1_362' title='bbox 127 3306 224 3341; x_wconf 78' lang='lat' dir='ltr'><strong><em>eausam</em></strong></span> <span class='ocrx_word' id='word_1_363' title='bbox 602 3337 603 3341; x_wconf 74' lang='grc'>,</span> 
     </span>
    </p>
   </div>
   <div class='ocr_carea' id='block_1_6' title="bbox 528 3457 834 3468">
    <p class='ocr_par' dir='ltr' id='par_1_11' title="bbox 528 3457 834 3468">
     <span class='ocr_line' id='line_1_40' title="bbox 528 3457 834 3468; baseline 0.01 -3"><span class='ocrx_word' id='word_1_364' title='bbox 528 3457 834 3468; x_wconf 70' lang='grc'><strong><em>-----.--</em></strong></span> 
     </span>
    </p>
   </div>
   <div class='ocr_carea' id='block_1_7' title="bbox 415 3640 939 3708">
    <p class='ocr_par' dir='ltr' id='par_1_12' title="bbox 415 3640 939 3708">
     <span class='ocr_line' id='line_1_41' title="bbox 415 3640 939 3708; baseline 0.004 -2"><span class='ocrx_word' id='word_1_365' title='bbox 415 3640 568 3708; x_wconf 82' lang='lat' dir='ltr'><strong>ACTUS</strong></span> <span class='ocrx_word' id='word_1_366' title='bbox 592 3641 636 3706; x_wconf 89' lang='lat' dir='ltr'><strong><em>V.</em></strong></span> <span class='ocrx_word' id='word_1_367' title='bbox 677 3641 833 3708; x_wconf 87' lang='lat' dir='ltr'>SCENA</span> <span class='ocrx_word' id='word_1_368' title='bbox 854 3643 939 3708; x_wconf 92' lang='lat' dir='ltr'><strong><em>Vll.</em></strong></span> 
     </span>
    </p>
   </div>
   <div class='ocr_carea' id='block_1_8' title="bbox 448 3810 931 3859">
    <p class='ocr_par' dir='ltr' id='par_1_13' title="bbox 448 3810 931 3859">
     <span class='ocr_line' id='line_1_42' title="bbox 448 3810 931 3859; baseline 0.004 -3"><span class='ocrx_word' id='word_1_369' title='bbox 448 3852 450 3857; x_wconf 83' lang='lat'><strong><em>.</em></strong></span> <span class='ocrx_word' id='word_1_370' title='bbox 471 3810 649 3857; x_wconf 75' lang='lat' dir='ltr'><strong><em>PY&#39;rHIAS.</em></strong></span> <span class='ocrx_word' id='word_1_371' title='bbox 695 3812 890 3859; x_wconf 77' lang='lat' dir='ltr'><strong><em>PuuMuNO.</em></strong></span> <span class='ocrx_word' id='word_1_372' title='bbox 930 3825 931 3830; x_wconf 54' lang='lat'>¹</span> 
     </span>
    </p>
   </div>
   <div class='ocr_carea' id='block_1_9' title="bbox 134 3910 1260 4091">
    <p class='ocr_par' dir='ltr' id='par_1_14' title="bbox 134 3910 1260 4091">
     <span class='ocr_line' id='line_1_43' title="bbox 134 3910 1260 3996; baseline 0 -20"><span class='ocrx_word' id='word_1_373' title='bbox 134 3913 196 3977; x_wconf 83' lang='lat' dir='ltr'><strong><em>Pr.</em></strong></span> <span class='ocrx_word' id='word_1_374' title='bbox 234 3913 434 3989; x_wconf 82' lang='lat' dir='ltr'><strong>NUNQUAM</strong></span> <span class='ocrx_word' id='word_1_375' title='bbox 471 3911 605 3994; x_wconf 88' lang='lat' dir='ltr'><strong><em>aedepol</em></strong></span> <span class='ocrx_word' id='word_1_376' title='bbox 631 3910 814 3994; x_wconf 87' lang='lat' dir='ltr'><strong><em>quiequam</em></strong></span> <span class='ocrx_word' id='word_1_377' title='bbox 835 3911 978 3995; x_wconf 83' lang='lat' dir='ltr'><strong><em>jamdiu,</em></strong></span> <span class='ocrx_word' id='word_1_378' title='bbox 1003 3911 1093 3996; x_wconf 92' lang='lat' dir='ltr'><strong><em>quod</em></strong></span> <span class='ocrx_word' id='word_1_379' title='bbox 1116 3912 1225 3996; x_wconf 83' lang='lat' dir='ltr'><strong><em>magis</em></strong></span> <span class='ocrx_word' id='word_1_380' title='bbox 1258 3918 1260 3924; x_wconf 83' lang='lat'>&#39;</span> 
     </span>
     <span class='ocr_line' id='line_1_44' title="bbox 256 4015 535 4091; baseline -0.011 -11"><span class='ocrx_word' id='word_1_381' title='bbox 256 4016 380 4080; x_wconf 89' lang='lat' dir='ltr'><strong><em>vellem</em></strong></span> <span class='ocrx_word' id='word_1_382' title='bbox 393 4015 535 4091; x_wconf 86' lang='lat' dir='ltr'><strong><em>evenire,</em></strong></span> 
     </span>
    </p>
   </div>
   <div class='ocr_carea' id='block_1_10' title="bbox 164 4169 1226 4239">
    <p class='ocr_par' dir='ltr' id='par_1_15' title="bbox 164 4169 1226 4239">
     <span class='ocr_line' id='line_1_45' title="bbox 164 4169 1226 4239; baseline -0.001 -17"><span class='ocrx_word' id='word_1_383' title='bbox 164 4172 215 4223; x_wconf 78' lang='lat' dir='ltr'><strong><em>Pr.</em></strong></span> <span class='ocrx_word' id='word_1_384' title='bbox 235 4172 360 4239; x_wconf 82' lang='lat' dir='ltr'><strong><em>Nunquam</em></strong></span> <span class='ocrx_word' id='word_1_385' title='bbox 369 4172 455 4234; x_wconf 80' lang='lat' dir='ltr'><strong><em>edepol</em></strong></span> <span class='ocrx_word' id='word_1_386' title='bbox 465 4169 586 4236; x_wconf 83' lang='lat' dir='ltr'><strong><em>qnisquam</em></strong></span> <span class='ocrx_word' id='word_1_387' title='bbox 596 4170 734 4237; x_wconf 78' lang='lat' dir='ltr'><strong><em>jucundius,</em></strong></span> <span class='ocrx_word' id='word_1_388' title='bbox 751 4173 811 4238; x_wconf 82' lang='lat' dir='ltr'><strong><em>quod</em></strong></span> <span class='ocrx_word' id='word_1_389' title='bbox 828 4171 905 4234; x_wconf 74' lang='lat' dir='ltr'><strong><em>nugis</em></strong></span> <span class='ocrx_word' id='word_1_390' title='bbox 923 4171 984 4223; x_wconf 76' lang='lat' dir='ltr'><strong><em>mni</em></strong></span> <span class='ocrx_word' id='word_1_391' title='bbox 1000 4176 1104 4236; x_wconf 85' lang='lat' dir='ltr'><strong><em>optarem</em></strong></span> <span class='ocrx_word' id='word_1_392' title='bbox 1114 4171 1226 4233; x_wconf 74' lang='lat' dir='ltr'><strong><em>uuidere,</em></strong></span> 
     </span>
    </p>
   </div>
   <div class='ocr_carea' id='block_1_11' title="bbox 0 0 1359 4694">
    <p class='ocr_par' dir='ltr' id='par_1_16' title="bbox 0 0 1359 4694">
     <span class='ocr_line' id='line_1_46' title="bbox 0 0 1359 4694; baseline 0 0"><span class='ocrx_word' id='word_1_393' title='bbox 0 0 1359 4694; x_wconf 95' lang='lat' dir='ltr'><strong><em> </em></strong></span> 
     </span>
    </p>
   </div>
  </div>
 </body>
</html>
