<?xml version="1.0" encoding="UTF-8"?>
<!DOCTYPE html PUBLIC "-//W3C//DTD XHTML 1.0 Transitional//EN"
    "http://www.w3.org/TR/xhtml1/DTD/xhtml1-transitional.dtd">
<html xmlns="http://www.w3.org/1999/xhtml" xml:lang="en" lang="en">
 <head>
  <title>
</title>
<meta http-equiv="Content-Type" content="text/html;charset=utf-8" />
  <meta name='ocr-system' content='tesseract 3.04.00' />
  <meta name='ocr-capabilities' content='ocr_page ocr_carea ocr_par ocr_line ocrx_word'/>
</head>
<body>
  <div class='ocr_page' id='page_1' title='image "./comoedisex01westgoog_0043.png"; bbox 0 0 2678 4694; ppageno 0'>
   <div class='ocr_carea' id='block_1_1' title="bbox 186 298 911 365">
    <p class='ocr_par' dir='ltr' id='par_1_1' title="bbox 186 298 911 365">
     <span class='ocr_line' id='line_1_1' title="bbox 186 298 911 365; baseline 0.007 -9"><span class='ocrx_word' id='word_1_1' title='bbox 186 298 251 364; x_wconf 78' lang='lat'><strong>630</strong></span> <span class='ocrx_word' id='word_1_2' title='bbox 562 314 594 360; x_wconf 78' lang='lat' dir='ltr'><strong>c.</strong></span> <span class='ocrx_word' id='word_1_3' title='bbox 616 313 798 362; x_wconf 73' lang='lat' dir='ltr'><strong>cucusum</strong></span> <span class='ocrx_word' id='word_1_4' title='bbox 823 313 911 365; x_wconf 76' lang='lat' dir='ltr'><strong>Anni</strong></span> 
     </span>
    </p>
   </div>
   <div class='ocr_carea' id='block_1_2' title="bbox 83 457 1307 1462">
    <p class='ocr_par' dir='ltr' id='par_1_2' title="bbox 187 457 1282 627">
     <span class='ocr_line' id='line_1_2' title="bbox 187 457 1282 544; baseline 0.002 -20"><span class='ocrx_word' id='word_1_5' title='bbox 187 459 348 536; x_wconf 87' lang='lat' dir='ltr'><strong>Obsecro,</strong></span> <span class='ocrx_word' id='word_1_6' title='bbox 372 457 520 537; x_wconf 81' lang='lat' dir='ltr'><strong>Gnatho,</strong></span> <span class='ocrx_word' id='word_1_7' title='bbox 541 459 575 522; x_wconf 90' lang='lat' dir='ltr'><strong>in</strong></span> <span class='ocrx_word' id='word_1_8' title='bbox 596 466 630 525; x_wconf 88' lang='lat' dir='ltr'><strong>tc</strong></span> <span class='ocrx_word' id='word_1_9' title='bbox 653 479 732 544; x_wconf 86' lang='lat' dir='ltr'><strong>spes</strong></span> <span class='ocrx_word' id='word_1_10' title='bbox 753 465 814 526; x_wconf 86' lang='lat' dir='ltr'><strong>cst.</strong></span> <span class='ocrx_word' id='word_1_11' title='bbox 860 459 932 525; x_wconf 78' lang='lat' dir='ltr'><strong>Gn.</strong></span> <span class='ocrx_word' id='word_1_12' title='bbox 954 458 1048 540; x_wconf 85' lang='lat' dir='ltr'><strong>Quid</strong></span> <span class='ocrx_word' id='word_1_13' title='bbox 1069 461 1123 527; x_wconf 86' lang='lat' dir='ltr'><strong>vis</strong></span> <span class='ocrx_word' id='word_1_14' title='bbox 1137 460 1282 527; x_wconf 80' lang='lat' dir='ltr'><strong>incinunt</strong></span> 
     </span>
     <span class='ocr_line' id='line_1_3' title="bbox 314 560 756 627; baseline 0 -1"><span class='ocrx_word' id='word_1_15' title='bbox 314 561 385 626; x_wconf 79' lang='grc' dir='ltr'><strong>ΤΗ.</strong></span> <span class='ocrx_word' id='word_1_16' title='bbox 408 560 537 626; x_wconf 84' lang='lat' dir='ltr'><strong>Perfice</strong></span> <span class='ocrx_word' id='word_1_17' title='bbox 550 561 616 627; x_wconf 91' lang='lat' dir='ltr'><strong>boc</strong></span> <span class='ocrx_word' id='word_1_18' title='bbox 753 565 756 570; x_wconf 82' lang='lat'>&#39;</span> 
     </span>
    </p>

    <p class='ocr_par' dir='ltr' id='par_1_3' title="bbox 186 663 1284 832">
     <span class='ocr_line' id='line_1_4' title="bbox 186 663 1284 749; baseline 0 -21"><span class='ocrx_word' id='word_1_19' title='bbox 186 663 364 742; x_wconf 84' lang='lat' dir='ltr'><strong>Precibus,</strong></span> <span class='ocrx_word' id='word_1_20' title='bbox 380 666 500 748; x_wconf 83' lang='lat' dir='ltr'><strong>pretio,</strong></span> <span class='ocrx_word' id='word_1_21' title='bbox 516 672 553 730; x_wconf 89' lang='lat' dir='ltr'><strong>ut</strong></span> <span class='ocrx_word' id='word_1_22' title='bbox 566 667 713 731; x_wconf 81' lang='lat' dir='ltr'><strong>boercnm</strong></span> <span class='ocrx_word' id='word_1_23' title='bbox 733 665 768 729; x_wconf 90' lang='lat' dir='ltr'><strong>in</strong></span> <span class='ocrx_word' id='word_1_24' title='bbox 791 671 887 749; x_wconf 85' lang='lat' dir='ltr'><strong>parte</strong></span> <span class='ocrx_word' id='word_1_25' title='bbox 908 663 1025 748; x_wconf 78' lang='lat' dir='ltr'><strong>aliqua</strong></span> <span class='ocrx_word' id='word_1_26' title='bbox 1045 664 1181 729; x_wconf 85' lang='lat' dir='ltr'><strong>tnndcm</strong></span> <span class='ocrx_word' id='word_1_27' title='bbox 1195 666 1284 748; x_wconf 80' lang='lat' dir='ltr'><strong>apud</strong></span> 
     </span>
     <span class='ocr_line' id='line_1_5' title="bbox 315 766 1284 832; baseline -0.002 0"><span class='ocrx_word' id='word_1_28' title='bbox 315 767 490 832; x_wconf 82' lang='lat' dir='ltr'><strong>Thaidem.</strong></span> <span class='ocrx_word' id='word_1_29' title='bbox 1240 766 1284 830; x_wconf 77' lang='lat'><strong>25</strong></span> 
     </span>
    </p>

    <p class='ocr_par' dir='ltr' id='par_1_4' title="bbox 186 867 1284 1048">
     <span class='ocr_line' id='line_1_6' title="bbox 186 867 1284 956; baseline -0.004 -21"><span class='ocrx_word' id='word_1_30' title='bbox 186 868 257 935; x_wconf 77' lang='lat' dir='ltr'><strong>GN·</strong></span> <span class='ocrx_word' id='word_1_31' title='bbox 280 868 426 934; x_wconf 89' lang='lat' dir='ltr'><strong>Difficile</strong></span> <span class='ocrx_word' id='word_1_32' title='bbox 442 876 502 935; x_wconf 87' lang='lat' dir='ltr'><strong>est.</strong></span> <span class='ocrx_word' id='word_1_33' title='bbox 544 871 614 935; x_wconf 76' lang='grc' dir='ltr'><strong>ΤΗ.</strong></span> <span class='ocrx_word' id='word_1_34' title='bbox 637 870 771 956; x_wconf 90' lang='lat' dir='ltr'><strong>Siquid</strong></span> <span class='ocrx_word' id='word_1_35' title='bbox 788 869 953 948; x_wconf 77' lang='lat' dir='ltr'><strong>collibuit,</strong></span> <span class='ocrx_word' id='word_1_36' title='bbox 976 868 1058 933; x_wconf 86' lang='lat' dir='ltr'><strong>novi</strong></span> <span class='ocrx_word' id='word_1_37' title='bbox 1080 874 1124 932; x_wconf 85' lang='lat' dir='ltr'><strong>te.</strong></span> <span class='ocrx_word' id='word_1_38' title='bbox 1157 867 1240 932; x_wconf 89' lang='lat' dir='ltr'><strong>Hoc</strong></span> <span class='ocrx_word' id='word_1_39' title='bbox 1255 869 1284 931; x_wconf 93' lang='lat' dir='ltr'><strong>si</strong></span> 
     </span>
     <span class='ocr_line' id='line_1_7' title="bbox 315 971 473 1048; baseline 0.006 -12"><span class='ocrx_word' id='word_1_40' title='bbox 315 971 473 1048; x_wconf 85' lang='lat' dir='ltr'><strong>effeceris,</strong></span> 
     </span>
    </p>

    <p class='ocr_par' dir='ltr' id='par_1_5' title="bbox 185 1071 1283 1241">
     <span class='ocr_line' id='line_1_8' title="bbox 185 1071 1283 1158; baseline -0.002 -21"><span class='ocrx_word' id='word_1_41' title='bbox 185 1071 339 1151; x_wconf 82' lang='lat' dir='ltr'><strong>Quodvis</strong></span> <span class='ocrx_word' id='word_1_42' title='bbox 367 1074 492 1140; x_wconf 90' lang='lat' dir='ltr'><strong>donum</strong></span> <span class='ocrx_word' id='word_1_43' title='bbox 516 1082 550 1139; x_wconf 84' lang='lat' dir='ltr'><strong>ot</strong></span> <span class='ocrx_word' id='word_1_44' title='bbox 574 1076 749 1158; x_wconf 81' lang='lat' dir='ltr'><strong>proemium</strong></span> <span class='ocrx_word' id='word_1_45' title='bbox 774 1095 796 1140; x_wconf 84' lang='lat' dir='ltr'>a</span> <span class='ocrx_word' id='word_1_46' title='bbox 819 1095 872 1139; x_wconf 91' lang='lat' dir='ltr'><strong>mc</strong></span> <span class='ocrx_word' id='word_1_47' title='bbox 904 1078 1033 1158; x_wconf 85' lang='lat' dir='ltr'><strong>optato,</strong></span> <span class='ocrx_word' id='word_1_48' title='bbox 1066 1071 1103 1135; x_wconf 92' lang='lat' dir='ltr'><strong>id</strong></span> <span class='ocrx_word' id='word_1_49' title='bbox 1127 1076 1283 1154; x_wconf 82' lang='lat' dir='ltr'><strong>optatum</strong></span> 
     </span>
     <span class='ocr_line' id='line_1_9' title="bbox 314 1177 411 1241; baseline -0.041 1"><span class='ocrx_word' id='word_1_50' title='bbox 314 1177 411 1241; x_wconf 79' lang='lat' dir='ltr'><strong>feres.</strong></span> 
     </span>
    </p>

    <p class='ocr_par' dir='ltr' id='par_1_6' title="bbox 83 1262 1283 1359">
     <span class='ocr_line' id='line_1_10' title="bbox 83 1262 1283 1359; baseline -0.005 -15"><span class='ocrx_word' id='word_1_51' title='bbox 83 1262 86 1269; x_wconf 61' lang='grc'><strong>’</strong></span> <span class='ocrx_word' id='word_1_52' title='bbox 187 1277 259 1344; x_wconf 75' lang='lat' dir='ltr'><strong>Gn.</strong></span> <span class='ocrx_word' id='word_1_53' title='bbox 282 1278 402 1343; x_wconf 85' lang='lat' dir='ltr'><strong>Itanct</strong></span> <span class='ocrx_word' id='word_1_54' title='bbox 454 1279 525 1344; x_wconf 79' lang='lat' dir='ltr'><strong>Tu.</strong></span> <span class='ocrx_word' id='word_1_55' title='bbox 547 1279 605 1345; x_wconf 94' lang='lat' dir='ltr'><strong>Sic</strong></span> <span class='ocrx_word' id='word_1_56' title='bbox 627 1280 699 1344; x_wconf 86' lang='lat' dir='ltr'><strong>crit.</strong></span> <span class='ocrx_word' id='word_1_57' title='bbox 743 1278 815 1344; x_wconf 76' lang='lat' dir='ltr'><strong>GN.</strong></span> <span class='ocrx_word' id='word_1_58' title='bbox 838 1278 875 1343; x_wconf 91' lang='lat' dir='ltr'><strong>Si</strong></span> <span class='ocrx_word' id='word_1_59' title='bbox 903 1275 1013 1343; x_wconf 85' lang='lat' dir='ltr'><strong>efficio</strong></span> <span class='ocrx_word' id='word_1_60' title='bbox 1033 1275 1111 1353; x_wconf 90' lang='lat' dir='ltr'><strong>boo,</strong></span> <span class='ocrx_word' id='word_1_61' title='bbox 1135 1276 1283 1359; x_wconf 82' lang='lat' dir='ltr'><strong>postulo,</strong></span> 
     </span>
    </p>

    <p class='ocr_par' dir='ltr' id='par_1_7' title="bbox 315 1380 1307 1462">
     <span class='ocr_line' id='line_1_11' title="bbox 315 1380 1307 1462; baseline 0.001 -18"><span class='ocrx_word' id='word_1_62' title='bbox 315 1381 451 1447; x_wconf 88' lang='lat' dir='ltr'><strong>utmibi</strong></span> <span class='ocrx_word' id='word_1_63' title='bbox 466 1380 668 1462; x_wconf 82' lang='lat' dir='ltr'><strong>tuadomus,</strong></span> <span class='ocrx_word' id='word_1_64' title='bbox 1302 1396 1307 1403; x_wconf 85' lang='lat'><strong>·</strong></span> 
     </span>
    </p>
   </div>
   <div class='ocr_carea' id='block_1_3' title="bbox 184 1545 1285 1936">
    <p class='ocr_par' dir='ltr' id='par_1_8' title="bbox 184 1545 1285 1936">
     <span class='ocr_line' id='line_1_12' title="bbox 184 1545 1282 1609; baseline -0.001 -15"><span class='ocrx_word' id='word_1_65' title='bbox 184 1549 252 1594; x_wconf 85' lang='lat' dir='ltr'><strong>tcnto</strong></span> <span class='ocrx_word' id='word_1_66' title='bbox 270 1547 347 1608; x_wconf 79' lang='lat' dir='ltr'><strong>mugio</strong></span> <span class='ocrx_word' id='word_1_67' title='bbox 363 1563 441 1598; x_wconf 81' lang='lat' dir='ltr'><strong>umore</strong></span> <span class='ocrx_word' id='word_1_68' title='bbox 459 1550 537 1598; x_wconf 83' lang='lat' dir='ltr'><strong>nrdco.</strong></span> <span class='ocrx_word' id='word_1_69' title='bbox 572 1549 685 1598; x_wconf 74' lang='lat' dir='ltr'><strong>Oblostos</strong></span> <span class='ocrx_word' id='word_1_70' title='bbox 700 1554 732 1609; x_wconf 87' lang='lat' dir='ltr'><strong>le,</strong></span> <span class='ocrx_word' id='word_1_71' title='bbox 752 1548 857 1608; x_wconf 86' lang='lat' dir='ltr'><strong>Gnclbo,</strong></span> <span class='ocrx_word' id='word_1_72' title='bbox 875 1562 965 1595; x_wconf 81' lang='lat' dir='ltr'><strong>omnem</strong></span> <span class='ocrx_word' id='word_1_73' title='bbox 975 1561 1040 1608; x_wconf 80' lang='lat' dir='ltr'><strong>onom</strong></span> <span class='ocrx_word' id='word_1_74' title='bbox 1050 1546 1076 1594; x_wconf 78' lang='lat' dir='ltr'><strong>io</strong></span> <span class='ocrx_word' id='word_1_75' title='bbox 1086 1550 1109 1594; x_wconf 85' lang='lat' dir='ltr'><strong>te</strong></span> <span class='ocrx_word' id='word_1_76' title='bbox 1119 1545 1196 1608; x_wconf 79' lang='lat' dir='ltr'><strong>posui.</strong></span> <span class='ocrx_word' id='word_1_77' title='bbox 1230 1545 1282 1595; x_wconf 77' lang='lat' dir='ltr'><strong>Gn.</strong></span> 
     </span>
     <span class='ocr_line' id='line_1_13' title="bbox 187 1611 1285 1688; baseline 0.001 -30"><span class='ocrx_word' id='word_1_78' title='bbox 187 1611 253 1666; x_wconf 78' lang='lat' dir='ltr'><strong>Qoto</strong></span> <span class='ocrx_word' id='word_1_79' title='bbox 263 1612 406 1671; x_wconf 82' lang='lat' dir='ltr'><strong>oissuco&#39;nmt</strong></span> <span class='ocrx_word' id='word_1_80' title='bbox 438 1614 493 1662; x_wconf 75' lang='grc' dir='ltr'><strong>ΤΗ.</strong></span> <span class='ocrx_word' id='word_1_81' title='bbox 511 1613 603 1678; x_wconf 81' lang='lat' dir='ltr'><strong>Perfice</strong></span> <span class='ocrx_word' id='word_1_82' title='bbox 610 1614 728 1677; x_wconf 76' lang='lat' dir='ltr'><strong>precibus,</strong></span> <span class='ocrx_word' id='word_1_83' title='bbox 733 1613 819 1688; x_wconf 73' lang='lat' dir='ltr'><strong>pretio,</strong></span> <span class='ocrx_word' id='word_1_84' title='bbox 830 1617 856 1660; x_wconf 86' lang='lat' dir='ltr'><strong>ul</strong></span> <span class='ocrx_word' id='word_1_85' title='bbox 868 1611 927 1659; x_wconf 85' lang='lat' dir='ltr'><strong>milti</strong></span> <span class='ocrx_word' id='word_1_86' title='bbox 936 1611 1023 1674; x_wconf 85' lang='lat' dir='ltr'><strong>niiquis</strong></span> <span class='ocrx_word' id='word_1_87' title='bbox 1031 1611 1094 1658; x_wconf 76' lang='lat' dir='ltr'><strong>locuto</strong></span> <span class='ocrx_word' id='word_1_88' title='bbox 1104 1612 1200 1658; x_wconf 77' lang='lat' dir='ltr'><strong>tandem</strong></span> <span class='ocrx_word' id='word_1_89' title='bbox 1213 1615 1285 1659; x_wconf 80' lang='lat' dir='ltr'><strong>restet</strong></span> 
     </span>
     <span class='ocr_line' id='line_1_14' title="bbox 184 1674 1284 1749; baseline -0.001 -27"><span class='ocrx_word' id='word_1_90' title='bbox 184 1680 271 1733; x_wconf 84' lang='lat' dir='ltr'><strong>cerlm,</strong></span> <span class='ocrx_word' id='word_1_91' title='bbox 289 1676 315 1723; x_wconf 85' lang='lat' dir='ltr'><strong>io</strong></span> <span class='ocrx_word' id='word_1_92' title='bbox 331 1691 408 1725; x_wconf 85' lang='lat' dir='ltr'><strong>nmorc</strong></span> <span class='ocrx_word' id='word_1_93' title='bbox 425 1677 529 1725; x_wconf 81' lang='lat' dir='ltr'><strong>Tboidis.</strong></span> <span class='ocrx_word' id='word_1_94' title='bbox 563 1679 616 1726; x_wconf 74' lang='lat' dir='ltr'><strong>Gru.</strong></span> <span class='ocrx_word' id='word_1_95' title='bbox 629 1678 774 1742; x_wconf 74' lang='lat' dir='ltr'><strong>Dijyicillime</strong></span> <span class='ocrx_word' id='word_1_96' title='bbox 791 1679 816 1725; x_wconf 85' lang='lat' dir='ltr'><strong>id</strong></span> <span class='ocrx_word' id='word_1_97' title='bbox 825 1676 885 1741; x_wconf 81' lang='lat' dir='ltr'><strong>fieri</strong></span> <span class='ocrx_word' id='word_1_98' title='bbox 898 1680 985 1749; x_wconf 71' lang='lat' dir='ltr'><strong>potest.</strong></span> <span class='ocrx_word' id='word_1_99' title='bbox 1019 1676 1071 1723; x_wconf 77' lang='lat' dir='ltr'><strong>Tu.</strong></span> <span class='ocrx_word' id='word_1_100' title='bbox 1089 1674 1152 1723; x_wconf 87' lang='lat' dir='ltr'><strong>Noni</strong></span> <span class='ocrx_word' id='word_1_101' title='bbox 1162 1675 1284 1734; x_wconf 73' lang='lat' dir='ltr'><strong>ingenium</strong></span> 
     </span>
     <span class='ocr_line' id='line_1_15' title="bbox 185 1738 1285 1807; baseline 0 -21"><span class='ocrx_word' id='word_1_102' title='bbox 185 1743 269 1795; x_wconf 65' lang='lat' dir='ltr'><strong>num,</strong></span> <span class='ocrx_word' id='word_1_103' title='bbox 288 1739 310 1788; x_wconf 86' lang='lat' dir='ltr'><strong>si</strong></span> <span class='ocrx_word' id='word_1_104' title='bbox 321 1741 365 1789; x_wconf 86' lang='lat' dir='ltr'><strong>tibi</strong></span> <span class='ocrx_word' id='word_1_105' title='bbox 376 1741 525 1804; x_wconf 69' lang='lat' dir='ltr'><strong>quidpiam,</strong></span> <span class='ocrx_word' id='word_1_106' title='bbox 535 1742 560 1789; x_wconf 90' lang='lat' dir='ltr'><strong>id</strong></span> <span class='ocrx_word' id='word_1_107' title='bbox 571 1742 646 1801; x_wconf 78' lang='lat' dir='ltr'><strong>facilc</strong></span> <span class='ocrx_word' id='word_1_108' title='bbox 656 1743 743 1807; x_wconf 74' lang='lat' dir='ltr'><strong>qfficis:</strong></span> <span class='ocrx_word' id='word_1_109' title='bbox 759 1742 781 1790; x_wconf 89' lang='lat' dir='ltr'><strong>si</strong></span> <span class='ocrx_word' id='word_1_110' title='bbox 792 1743 834 1791; x_wconf 84' lang='lat' dir='ltr'><strong>boo</strong></span> <span class='ocrx_word' id='word_1_111' title='bbox 845 1740 904 1789; x_wconf 78' lang='lat' dir='ltr'><strong>mim</strong></span> <span class='ocrx_word' id='word_1_112' title='bbox 913 1738 1104 1803; x_wconf 77' lang='lat' dir='ltr'><strong>adeptussucrit,</strong></span> <span class='ocrx_word' id='word_1_113' title='bbox 1116 1738 1221 1798; x_wconf 66' lang='lat' dir='ltr'><strong>otiiuscis</strong></span> <span class='ocrx_word' id='word_1_114' title='bbox 1231 1738 1285 1786; x_wconf 84' lang='lat' dir='ltr'><strong>dorsi</strong></span> 
     </span>
     <span class='ocr_line' id='line_1_16' title="bbox 186 1803 1284 1871; baseline 0.001 -21"><span class='ocrx_word' id='word_1_115' title='bbox 186 1807 209 1850; x_wconf 85' lang='lat' dir='ltr'><strong>ct</strong></span> <span class='ocrx_word' id='word_1_116' title='bbox 218 1803 313 1864; x_wconf 80' lang='lat' dir='ltr'><strong>proemii</strong></span> <span class='ocrx_word' id='word_1_117' title='bbox 323 1806 437 1867; x_wconf 73' lang='lat' dir='ltr'><strong>optimum</strong></span> <span class='ocrx_word' id='word_1_118' title='bbox 448 1804 493 1854; x_wconf 86' lang='lat' dir='ltr'><strong>tibi</strong></span> <span class='ocrx_word' id='word_1_119' title='bbox 511 1807 549 1854; x_wconf 87' lang='lat' dir='ltr'><strong>do.</strong></span> <span class='ocrx_word' id='word_1_120' title='bbox 585 1807 658 1871; x_wconf 81' lang='lat' dir='ltr'><strong>Opto,</strong></span> <span class='ocrx_word' id='word_1_121' title='bbox 666 1812 771 1870; x_wconf 81' lang='lat' dir='ltr'><strong>optotucm</strong></span> <span class='ocrx_word' id='word_1_122' title='bbox 781 1821 796 1853; x_wconf 90' lang='lat' dir='ltr'><strong>n</strong></span> <span class='ocrx_word' id='word_1_123' title='bbox 806 1820 842 1854; x_wconf 83' lang='lat' dir='ltr'><strong>mc</strong></span> <span class='ocrx_word' id='word_1_124' title='bbox 853 1805 959 1869; x_wconf 80' lang='lat' dir='ltr'><strong>accipies.</strong></span> <span class='ocrx_word' id='word_1_125' title='bbox 992 1804 1045 1853; x_wconf 79' lang='lat' dir='ltr'><strong>Gn.</strong></span> <span class='ocrx_word' id='word_1_126' title='bbox 1064 1804 1134 1852; x_wconf 78' lang='lat' dir='ltr'><strong>Itone</strong></span> <span class='ocrx_word' id='word_1_127' title='bbox 1144 1803 1200 1852; x_wconf 78' lang='lat' dir='ltr'><strong>cist</strong></span> <span class='ocrx_word' id='word_1_128' title='bbox 1232 1803 1284 1852; x_wconf 75' lang='lat' dir='ltr'><strong>Tu.</strong></span> 
     </span>
     <span class='ocr_line' id='line_1_17' title="bbox 185 1866 1283 1936; baseline 0.002 -22"><span class='ocrx_word' id='word_1_129' title='bbox 185 1866 241 1916; x_wconf 74' lang='lat' dir='ltr'><strong>Aio.</strong></span> <span class='ocrx_word' id='word_1_130' title='bbox 274 1867 329 1917; x_wconf 78' lang='lat' dir='ltr'><strong>Gn.</strong></span> <span class='ocrx_word' id='word_1_131' title='bbox 345 1868 374 1918; x_wconf 87' lang='lat' dir='ltr'><strong>Si</strong></span> <span class='ocrx_word' id='word_1_132' title='bbox 382 1870 424 1919; x_wconf 85' lang='lat' dir='ltr'><strong>boc</strong></span> <span class='ocrx_word' id='word_1_133' title='bbox 434 1870 515 1936; x_wconf 76' lang='lat' dir='ltr'><strong>efficio,</strong></span> <span class='ocrx_word' id='word_1_134' title='bbox 524 1872 616 1933; x_wconf 79' lang='lat' dir='ltr'><strong>postulo</strong></span> <span class='ocrx_word' id='word_1_135' title='bbox 626 1874 654 1920; x_wconf 88' lang='lat' dir='ltr'><strong>ut</strong></span> <span class='ocrx_word' id='word_1_136' title='bbox 664 1872 801 1920; x_wconf 79' lang='lat' dir='ltr'><strong>tuoedomus</strong></span> <span class='ocrx_word' id='word_1_137' title='bbox 811 1869 870 1919; x_wconf 76' lang='lat' dir='ltr'><strong>ouili</strong></span> <span class='ocrx_word' id='word_1_138' title='bbox 879 1869 1043 1935; x_wconf 64' lang='lat' dir='ltr'><strong>concessores</strong></span> <span class='ocrx_word' id='word_1_139' title='bbox 1054 1872 1141 1932; x_wconf 66' lang='lat' dir='ltr'><strong>merto</strong></span> <span class='ocrx_word' id='word_1_140' title='bbox 1151 1868 1203 1917; x_wconf 78' lang='lat' dir='ltr'><strong>siut</strong></span> <span class='ocrx_word' id='word_1_141' title='bbox 1210 1884 1221 1928; x_wconf 86' lang='lat'><strong>,·</strong></span> <span class='ocrx_word' id='word_1_142' title='bbox 1236 1868 1283 1917; x_wconf 83' lang='lat' dir='ltr'><strong>sico</strong></span> 
     </span>
    </p>
   </div>
   <div class='ocr_carea' id='block_1_4' title="bbox 647 2010 825 2030">
    <p class='ocr_par' dir='ltr' id='par_1_9' title="bbox 647 2010 825 2030">
     <span class='ocr_line' id='line_1_18' title="bbox 647 2010 825 2030; baseline 0 0"><span class='ocrx_word' id='word_1_143' title='bbox 647 2010 825 2030; x_wconf 60' lang='lat' dir='ltr'><strong>‘WO</strong></span> 
     </span>
    </p>
   </div>
   <div class='ocr_carea' id='block_1_5' title="bbox 185 2085 1291 2350">
    <p class='ocr_par' dir='ltr' id='par_1_10' title="bbox 185 2085 1291 2350">
     <span class='ocr_line' id='line_1_19' title="bbox 187 2085 1291 2172; baseline 0.003 -14"><span class='ocrx_word' id='word_1_144' title='bbox 187 2123 249 2172; x_wconf 76' lang='lat' dir='ltr'><strong>ergo</strong></span> <span class='ocrx_word' id='word_1_145' title='bbox 259 2109 320 2159; x_wconf 90' lang='lat' dir='ltr'><strong>illud</strong></span> <span class='ocrx_word' id='word_1_146' title='bbox 333 2116 384 2169; x_wconf 87' lang='lat' dir='ltr'><strong>est,</strong></span> <span class='ocrx_word' id='word_1_147' title='bbox 404 2110 472 2159; x_wconf 86' lang='lat' dir='ltr'><strong>Hcc.</strong></span> <span class='ocrx_word' id='word_1_148' title='bbox 484 2125 515 2160; x_wconf 90' lang='grc' dir='ltr'><strong>ιι.</strong></span> <span class='ocrx_word' id='word_1_149' title='bbox 528 2111 600 2160; x_wconf 88' lang='lat' dir='ltr'><strong>Prol.</strong></span> <span class='ocrx_word' id='word_1_150' title='bbox 610 2124 648 2159; x_wconf 85' lang='lat' dir='ltr'><strong>vs.</strong></span> <span class='ocrx_word' id='word_1_151' title='bbox 659 2115 699 2159; x_wconf 80' lang='lat'><strong>⁴⁰.</strong></span> <span class='ocrx_word' id='word_1_152' title='bbox 717 2111 822 2160; x_wconf 81' lang='lat' dir='ltr'><strong>‘Facite</strong></span> <span class='ocrx_word' id='word_1_153' title='bbox 832 2117 861 2159; x_wconf 92' lang='lat' dir='ltr'><strong>ut</strong></span> <span class='ocrx_word' id='word_1_154' title='bbox 881 2116 969 2160; x_wconf 78' lang='lat' dir='ltr'><strong>vostra</strong></span> <span class='ocrx_word' id='word_1_155' title='bbox 985 2108 1126 2159; x_wconf 73' lang='lat' dir='ltr'><strong>auctoritas</strong></span> <span class='ocrx_word' id='word_1_156' title='bbox 1142 2109 1213 2160; x_wconf 77' lang='lat' dir='ltr'><strong>Mesc</strong></span> <span class='ocrx_word' id='word_1_157' title='bbox 1225 2085 1291 2161; x_wconf 44' lang='lat' dir='ltr'><strong>cuc:</strong></span> 
     </span>
     <span class='ocr_line' id='line_1_20' title="bbox 187 2172 1282 2238; baseline 0.001 -15"><span class='ocrx_word' id='word_1_158' title='bbox 187 2175 287 2223; x_wconf 84' lang='lat' dir='ltr'><strong>toritatl</strong></span> <span class='ocrx_word' id='word_1_159' title='bbox 298 2173 395 2223; x_wconf 82' lang='lat' dir='ltr'><strong>forttrix</strong></span> <span class='ocrx_word' id='word_1_160' title='bbox 409 2175 572 2238; x_wconf 80' lang='lat' dir='ltr'><strong>adjutrixque</strong></span> <span class='ocrx_word' id='word_1_161' title='bbox 584 2174 636 2223; x_wconf 75' lang='lat' dir='ltr'><strong>sit!</strong></span> <span class='ocrx_word' id='word_1_162' title='bbox 670 2175 804 2236; x_wconf 85' lang='lat' dir='ltr'><strong>Ceterum,</strong></span> <span class='ocrx_word' id='word_1_163' title='bbox 822 2180 880 2238; x_wconf 84' lang='lat' dir='ltr'><strong>post</strong></span> <span class='ocrx_word' id='word_1_164' title='bbox 897 2172 1036 2235; x_wconf 49' lang='lat' dir='ltr'><strong>‘tamine&#39;</strong></span> <span class='ocrx_word' id='word_1_165' title='bbox 1055 2188 1089 2223; x_wconf 86' lang='lat' dir='ltr'><strong>ex</strong></span> <span class='ocrx_word' id='word_1_166' title='bbox 1100 2175 1218 2223; x_wconf 89' lang='lat' dir='ltr'><strong>omnibns</strong></span> <span class='ocrx_word' id='word_1_167' title='bbox 1228 2174 1282 2224; x_wconf 81' lang='lat' dir='ltr'><strong>fere</strong></span> 
     </span>
     <span class='ocr_line' id='line_1_21' title="bbox 185 2238 1284 2350; baseline 0.002 -63"><span class='ocrx_word' id='word_1_168' title='bbox 185 2238 259 2287; x_wconf 89' lang='lat' dir='ltr'><strong>libris</strong></span> <span class='ocrx_word' id='word_1_169' title='bbox 269 2239 371 2287; x_wconf 77' lang='lat' dir='ltr'><strong>ctlidd.</strong></span> <span class='ocrx_word' id='word_1_170' title='bbox 384 2247 448 2287; x_wconf 88' lang='lat' dir='ltr'><strong>vett.</strong></span> <span class='ocrx_word' id='word_1_171' title='bbox 462 2253 538 2301; x_wconf 84' lang='lat' dir='ltr'><strong>pone,</strong></span> <span class='ocrx_word' id='word_1_172' title='bbox 555 2239 617 2300; x_wconf 85' lang='lat' dir='ltr'><strong>Hui,</strong></span> <span class='ocrx_word' id='word_1_173' title='bbox 635 2239 700 2287; x_wconf 76' lang='lat' dir='ltr'><strong>Mlti</strong></span> <span class='ocrx_word' id='word_1_174' title='bbox 711 2241 775 2291; x_wconf 87' lang='lat' dir='ltr'><strong>illum</strong></span> <span class='ocrx_word' id='word_1_175' title='bbox 784 2241 884 2290; x_wconf 74' lang='lat' dir='ltr'><strong>laudm?</strong></span> <span class='ocrx_word' id='word_1_176' title='bbox 916 2238 994 2289; x_wconf 79' lang='lat' dir='ltr'><strong>Quod</strong></span> <span class='ocrx_word' id='word_1_177' title='bbox 1010 2239 1115 2350; x_wconf 44' lang='lat' dir='ltr'><strong>egrcffic</strong></span> <span class='ocrx_word' id='word_1_178' title='bbox 1130 2239 1209 2301; x_wconf 77' lang='lat' dir='ltr'><strong>juvat</strong></span> <span class='ocrx_word' id='word_1_179' title='bbox 1228 2255 1284 2289; x_wconf 86' lang='lat' dir='ltr'><strong>sen·</strong></span> 
     </span>
    </p>
   </div>
   <div class='ocr_carea' id='block_1_6' title="bbox 157 2301 1322 4242">
    <p class='ocr_par' dir='ltr' id='par_1_11' title="bbox 157 2301 1322 4242">
     <span class='ocr_line' id='line_1_22' title="bbox 186 2301 1285 2365; baseline 0.001 -13"><span class='ocrx_word' id='word_1_180' title='bbox 186 2303 303 2360; x_wconf 70' lang='lat' dir='ltr'><strong>tentiam,</strong></span> <span class='ocrx_word' id='word_1_181' title='bbox 321 2303 395 2351; x_wconf 85' lang='lat' dir='ltr'><strong>Bem.</strong></span> <span class='ocrx_word' id='word_1_182' title='bbox 429 2304 489 2352; x_wconf 84' lang='lat' dir='ltr'><strong>Riv.</strong></span> <span class='ocrx_word' id='word_1_183' title='bbox 508 2303 571 2362; x_wconf 83' lang='lat' dir='ltr'><strong>Hui,</strong></span> <span class='ocrx_word' id='word_1_184' title='bbox 586 2302 644 2351; x_wconf 69' lang='lat' dir='ltr'><strong>sumi</strong></span> <span class='ocrx_word' id='word_1_185' title='bbox 656 2303 722 2351; x_wconf 84' lang='lat' dir='ltr'><strong>illum</strong></span> <span class='ocrx_word' id='word_1_186' title='bbox 732 2301 832 2352; x_wconf 78' lang='lat' dir='ltr'><strong>londos?</strong></span> <span class='ocrx_word' id='word_1_187' title='bbox 850 2301 958 2365; x_wconf 83' lang='lat' dir='ltr'><strong>praet&#39;crt</strong></span> <span class='ocrx_word' id='word_1_188' title='bbox 969 2318 1000 2352; x_wconf 86' lang='lat' dir='ltr'><strong>cx</strong></span> <span class='ocrx_word' id='word_1_189' title='bbox 1013 2303 1061 2351; x_wconf 92' lang='lat' dir='ltr'><strong>cod</strong></span> <span class='ocrx_word' id='word_1_190' title='bbox 1082 2303 1285 2353; x_wconf 82' lang='lat' dir='ltr'><strong>.cmcndutiori·</strong></span> 
     </span>
     <span class='ocr_line' id='line_1_23' title="bbox 186 2365 1283 2430; baseline 0.004 -16"><span class='ocrx_word' id='word_1_191' title='bbox 186 2367 244 2429; x_wconf 83' lang='lat' dir='ltr'><strong>bus.</strong></span> <span class='ocrx_word' id='word_1_192' title='bbox 277 2366 329 2415; x_wconf 86' lang='lat' dir='ltr'><strong>Ms.</strong></span> <span class='ocrx_word' id='word_1_193' title='bbox 347 2366 418 2428; x_wconf 86' lang='lat' dir='ltr'><strong>Lips.</strong></span> <span class='ocrx_word' id='word_1_194' title='bbox 429 2371 516 2430; x_wconf 83' lang='lat' dir='ltr'><strong>quomo</strong></span> <span class='ocrx_word' id='word_1_195' title='bbox 527 2367 605 2415; x_wconf 78' lang='lat' dir='ltr'><strong>miuus</strong></span> <span class='ocrx_word' id='word_1_196' title='bbox 613 2366 704 2428; x_wconf 83' lang='lat' dir='ltr'><strong>spciecl</strong></span> <span class='ocrx_word' id='word_1_197' title='bbox 716 2367 782 2415; x_wconf 87' lang='lat' dir='ltr'><strong>mibi.</strong></span> <span class='ocrx_word' id='word_1_198' title='bbox 800 2368 884 2417; x_wconf 85' lang='lat' dir='ltr'><strong>West.</strong></span> <span class='ocrx_word' id='word_1_199' title='bbox 918 2368 984 2416; x_wconf 80' lang='lat' dir='ltr'><strong>illibi</strong></span> <span class='ocrx_word' id='word_1_200' title='bbox 995 2368 1062 2415; x_wconf 86' lang='lat' dir='ltr'><strong>illum</strong></span> <span class='ocrx_word' id='word_1_201' title='bbox 1069 2365 1186 2430; x_wconf 71' lang='lat' dir='ltr'><strong>laudaui]</strong></span> <span class='ocrx_word' id='word_1_202' title='bbox 1205 2369 1283 2418; x_wconf 76' lang='lat' dir='ltr'><strong>licut.</strong></span> 
     </span>
     <span class='ocr_line' id='line_1_24' title="bbox 186 2429 1284 2495; baseline 0.004 -15"><span class='ocrx_word' id='word_1_203' title='bbox 186 2445 220 2480; x_wconf 81' lang='lat' dir='ltr'><strong>ex</strong></span> <span class='ocrx_word' id='word_1_204' title='bbox 231 2429 294 2479; x_wconf 88' lang='lat' dir='ltr'><strong>libb.</strong></span> <span class='ocrx_word' id='word_1_205' title='bbox 315 2445 336 2478; x_wconf 89' lang='lat' dir='ltr'><strong>s.</strong></span> <span class='ocrx_word' id='word_1_206' title='bbox 354 2429 416 2478; x_wconf 87' lang='lat' dir='ltr'><strong>Hui.</strong></span> <span class='ocrx_word' id='word_1_207' title='bbox 435 2432 485 2479; x_wconf 84' lang='lat' dir='ltr'><strong>Scd</strong></span> <span class='ocrx_word' id='word_1_208' title='bbox 502 2431 587 2480; x_wconf 82' lang='lat' dir='ltr'><strong>omitt.</strong></span> <span class='ocrx_word' id='word_1_209' title='bbox 606 2430 652 2481; x_wconf 82' lang='lat' dir='ltr'><strong>Fu.</strong></span> <span class='ocrx_word' id='word_1_210' title='bbox 674 2430 756 2479; x_wconf 87' lang='lat' dir='ltr'><strong>West.</strong></span> <span class='ocrx_word' id='word_1_211' title='bbox 774 2431 849 2481; x_wconf 88' lang='lat' dir='ltr'><strong>Lind.</strong></span> <span class='ocrx_word' id='word_1_212' title='bbox 867 2432 900 2481; x_wconf 80' lang='lat' dir='ltr'><strong>al.</strong></span> <span class='ocrx_word' id='word_1_213' title='bbox 916 2433 984 2481; x_wconf 85' lang='lat' dir='ltr'><strong>Pcrl.</strong></span> <span class='ocrx_word' id='word_1_214' title='bbox 1000 2432 1043 2495; x_wconf 88' lang='lat' dir='ltr'><strong>qui</strong></span> <span class='ocrx_word' id='word_1_215' title='bbox 1063 2438 1138 2481; x_wconf 83' lang='lat' dir='ltr'><strong>notat</strong></span> <span class='ocrx_word' id='word_1_216' title='bbox 1155 2431 1211 2481; x_wconf 87' lang='lat' dir='ltr'><strong>Hui</strong></span> <span class='ocrx_word' id='word_1_217' title='bbox 1226 2435 1284 2483; x_wconf 81' lang='lat' dir='ltr'><strong>milui</strong></span> 
     </span>
     <span class='ocr_line' id='line_1_25' title="bbox 184 2490 1284 2558; baseline 0.003 -14"><span class='ocrx_word' id='word_1_218' title='bbox 184 2490 410 2558; x_wconf 63' lang='lat' dir='ltr'><strong>legereGuelid.</strong></span> <span class='ocrx_word' id='word_1_219' title='bbox 442 2496 509 2544; x_wconf 81' lang='lat' dir='ltr'><strong>Mili</strong></span> <span class='ocrx_word' id='word_1_220' title='bbox 521 2495 633 2545; x_wconf 76' lang='lat' dir='ltr'><strong>Thaidem</strong></span> <span class='ocrx_word' id='word_1_221' title='bbox 649 2495 715 2543; x_wconf 79' lang='lat' dir='ltr'><strong>illam</strong></span> <span class='ocrx_word' id='word_1_222' title='bbox 731 2495 813 2544; x_wconf 81' lang='lat' dir='ltr'><strong>londos</strong></span> <span class='ocrx_word' id='word_1_223' title='bbox 830 2495 934 2544; x_wconf 85' lang='lat' dir='ltr'><strong>videtur</strong></span> <span class='ocrx_word' id='word_1_224' title='bbox 951 2496 1043 2557; x_wconf 78' lang='lat' dir='ltr'><strong>legisse</strong></span> <span class='ocrx_word' id='word_1_225' title='bbox 1064 2497 1132 2558; x_wconf 81' lang='lat' dir='ltr'><strong>Eug.</strong></span> <span class='ocrx_word' id='word_1_226' title='bbox 1167 2497 1221 2547; x_wconf 84' lang='lat' dir='ltr'><strong>Dut</strong></span> <span class='ocrx_word' id='word_1_227' title='bbox 1240 2499 1284 2548; x_wconf 88' lang='lat' dir='ltr'><strong>Br.</strong></span> 
     </span>
     <span class='ocr_line' id='line_1_26' title="bbox 185 2559 1285 2625; baseline 0.002 -17"><span class='ocrx_word' id='word_1_228' title='bbox 185 2559 238 2619; x_wconf 85' lang='lat' dir='ltr'><strong>boc,</strong></span> <span class='ocrx_word' id='word_1_229' title='bbox 249 2559 339 2618; x_wconf 79' lang='lat' dir='ltr'><strong>scotor,</strong></span> <span class='ocrx_word' id='word_1_230' title='bbox 349 2564 400 2620; x_wconf 85' lang='lat' dir='ltr'><strong>tuo,</strong></span> <span class='ocrx_word' id='word_1_231' title='bbox 411 2566 439 2608; x_wconf 85' lang='lat' dir='ltr'><strong>et</strong></span> <span class='ocrx_word' id='word_1_232' title='bbox 448 2561 511 2609; x_wconf 83' lang='lat' dir='ltr'><strong>omni</strong></span> <span class='ocrx_word' id='word_1_233' title='bbox 522 2565 565 2614; x_wconf 86' lang='lat' dir='ltr'><strong>est.</strong></span> <span class='ocrx_word' id='word_1_234' title='bbox 576 2567 604 2609; x_wconf 87' lang='lat' dir='ltr'><strong>et</strong></span> <span class='ocrx_word' id='word_1_235' title='bbox 616 2559 669 2607; x_wconf 86' lang='lat' dir='ltr'><strong>Hui</strong></span> <span class='ocrx_word' id='word_1_236' title='bbox 676 2559 744 2618; x_wconf 87' lang='lat' dir='ltr'><strong>mibi,</strong></span> <span class='ocrx_word' id='word_1_237' title='bbox 761 2566 788 2608; x_wconf 88' lang='lat' dir='ltr'><strong>et</strong></span> <span class='ocrx_word' id='word_1_238' title='bbox 797 2565 884 2623; x_wconf 80' lang='lat' dir='ltr'><strong>quanto</strong></span> <span class='ocrx_word' id='word_1_239' title='bbox 896 2561 974 2608; x_wconf 83' lang='lat' dir='ltr'><strong>minus</strong></span> <span class='ocrx_word' id='word_1_240' title='bbox 984 2560 1043 2608; x_wconf 89' lang='lat' dir='ltr'><strong>mibi</strong></span> <span class='ocrx_word' id='word_1_241' title='bbox 1052 2560 1103 2622; x_wconf 83' lang='lat' dir='ltr'><strong>spei</strong></span> <span class='ocrx_word' id='word_1_242' title='bbox 1111 2564 1157 2609; x_wconf 81' lang='lat' dir='ltr'><strong>ost.</strong></span> <span class='ocrx_word' id='word_1_243' title='bbox 1191 2562 1285 2625; x_wconf 80' lang='lat' dir='ltr'><strong>Delpb.</strong></span> 
     </span>
     <span class='ocr_line' id='line_1_27' title="bbox 186 2623 1283 2689; baseline 0.004 -17"><span class='ocrx_word' id='word_1_244' title='bbox 186 2629 214 2672; x_wconf 85' lang='lat' dir='ltr'><strong>ct</strong></span> <span class='ocrx_word' id='word_1_245' title='bbox 225 2624 286 2685; x_wconf 88' lang='lat' dir='ltr'><strong>Bip.</strong></span> <span class='ocrx_word' id='word_1_246' title='bbox 298 2623 424 2673; x_wconf 85' lang='lat' dir='ltr'><strong>claudunt</strong></span> <span class='ocrx_word' id='word_1_247' title='bbox 435 2639 536 2673; x_wconf 87' lang='lat' dir='ltr'><strong>versum</strong></span> <span class='ocrx_word' id='word_1_248' title='bbox 548 2628 588 2673; x_wconf 83' lang='lat'><strong>2⁰.</strong></span> <span class='ocrx_word' id='word_1_249' title='bbox 603 2639 667 2672; x_wconf 86' lang='lat' dir='ltr'><strong>voce</strong></span> <span class='ocrx_word' id='word_1_250' title='bbox 680 2625 687 2651; x_wconf 95' lang='lat'>‘</span> <span class='ocrx_word' id='word_1_251' title='bbox 698 2624 826 2686; x_wconf 82' lang='lat' dir='ltr'><strong>Guudco‚&#39;</strong></span> <span class='ocrx_word' id='word_1_252' title='bbox 837 2632 864 2673; x_wconf 85' lang='lat' dir='ltr'><strong>et</strong></span> <span class='ocrx_word' id='word_1_253' title='bbox 875 2623 940 2673; x_wconf 77' lang='lat' dir='ltr'><strong>desit</strong></span> <span class='ocrx_word' id='word_1_254' title='bbox 950 2625 1002 2681; x_wconf 85' lang='lat' dir='ltr'><strong>buc,</strong></span> <span class='ocrx_word' id='word_1_255' title='bbox 1012 2623 1102 2683; x_wconf 80' lang='lat' dir='ltr'><strong>scotor,</strong></span> <span class='ocrx_word' id='word_1_256' title='bbox 1113 2630 1164 2674; x_wconf 80' lang='lat' dir='ltr'><strong>tuo.</strong></span> <span class='ocrx_word' id='word_1_257' title='bbox 1190 2626 1283 2689; x_wconf 85' lang='lat' dir='ltr'><strong>Delplr.</strong></span> 
     </span>
     <span class='ocr_line' id='line_1_28' title="bbox 186 2687 1285 2755; baseline 0.002 -18"><span class='ocrx_word' id='word_1_258' title='bbox 186 2687 284 2737; x_wconf 77' lang='lat' dir='ltr'><strong>claudit</strong></span> <span class='ocrx_word' id='word_1_259' title='bbox 295 2702 397 2737; x_wconf 86' lang='lat' dir='ltr'><strong>uersum</strong></span> <span class='ocrx_word' id='word_1_260' title='bbox 409 2693 451 2738; x_wconf 92' lang='lat'><strong>22.</strong></span> <span class='ocrx_word' id='word_1_261' title='bbox 463 2689 549 2739; x_wconf 85' lang='lat' dir='ltr'><strong>uerbis</strong></span> <span class='ocrx_word' id='word_1_262' title='bbox 560 2689 614 2738; x_wconf 87' lang='lat' dir='ltr'><strong>Hui</strong></span> <span class='ocrx_word' id='word_1_263' title='bbox 623 2688 691 2752; x_wconf 75' lang='lat' dir='ltr'><strong>mli,</strong></span> <span class='ocrx_word' id='word_1_264' title='bbox 702 2697 730 2739; x_wconf 90' lang='lat' dir='ltr'><strong>ct</strong></span> <span class='ocrx_word' id='word_1_265' title='bbox 740 2689 844 2738; x_wconf 81' lang='lat' dir='ltr'><strong>ordinat</strong></span> <span class='ocrx_word' id='word_1_266' title='bbox 853 2690 998 2752; x_wconf 82' lang='lat' dir='ltr'><strong>quoutospei</strong></span> <span class='ocrx_word' id='word_1_267' title='bbox 1007 2687 1132 2738; x_wconf 85' lang='lat' dir='ltr'><strong>estmirm&#39;.</strong></span> <span class='ocrx_word' id='word_1_268' title='bbox 1165 2689 1229 2755; x_wconf 78' lang='lat' dir='ltr'><strong>Bip.</strong></span> <span class='ocrx_word' id='word_1_269' title='bbox 1240 2691 1285 2739; x_wconf 83' lang='lat' dir='ltr'><strong>dut</strong></span> 
     </span>
     <span class='ocr_line' id='line_1_29' title="bbox 186 2752 1285 2814; baseline 0.002 -12"><span class='ocrx_word' id='word_1_270' title='bbox 186 2753 249 2802; x_wconf 86' lang='lat' dir='ltr'><strong>omni</strong></span> <span class='ocrx_word' id='word_1_271' title='bbox 259 2758 304 2814; x_wconf 84' lang='lat' dir='ltr'><strong>cst,</strong></span> <span class='ocrx_word' id='word_1_272' title='bbox 320 2760 347 2801; x_wconf 88' lang='lat' dir='ltr'><strong>et</strong></span> <span class='ocrx_word' id='word_1_273' title='bbox 357 2755 478 2802; x_wconf 71' lang='lat' dir='ltr'><strong>termium</strong></span> <span class='ocrx_word' id='word_1_274' title='bbox 487 2768 589 2802; x_wconf 83' lang='lat' dir='ltr'><strong>uersum</strong></span> <span class='ocrx_word' id='word_1_275' title='bbox 600 2758 642 2803; x_wconf 87' lang='lat'><strong>22.</strong></span> <span class='ocrx_word' id='word_1_276' title='bbox 654 2766 718 2804; x_wconf 83' lang='lat' dir='ltr'><strong>voce</strong></span> <span class='ocrx_word' id='word_1_277' title='bbox 728 2753 791 2804; x_wconf 82' lang='lat' dir='ltr'><strong>Hui.</strong></span> <span class='ocrx_word' id='word_1_278' title='bbox 825 2753 896 2802; x_wconf 80' lang='lat' dir='ltr'><strong>Dant</strong></span> <span class='ocrx_word' id='word_1_279' title='bbox 914 2754 992 2804; x_wconf 88' lang='lat' dir='ltr'><strong>Bent.</strong></span> <span class='ocrx_word' id='word_1_280' title='bbox 1012 2758 1040 2802; x_wconf 87' lang='lat' dir='ltr'><strong>ct</strong></span> <span class='ocrx_word' id='word_1_281' title='bbox 1057 2752 1136 2802; x_wconf 88' lang='lat' dir='ltr'><strong>Botb.</strong></span> <span class='ocrx_word' id='word_1_282' title='bbox 1152 2754 1219 2805; x_wconf 69' lang='lat' dir='ltr'><strong>ont</strong></span> <span class='ocrx_word' id='word_1_283' title='bbox 1235 2761 1285 2804; x_wconf 86' lang='lat' dir='ltr'><strong>cst:</strong></span> 
     </span>
     <span class='ocr_line' id='line_1_30' title="bbox 185 2817 1285 2880; baseline 0.005 -15"><span class='ocrx_word' id='word_1_284' title='bbox 185 2825 213 2866; x_wconf 87' lang='lat' dir='ltr'><strong>ct</strong></span> <span class='ocrx_word' id='word_1_285' title='bbox 224 2817 348 2867; x_wconf 84' lang='lat' dir='ltr'><strong>claudunt</strong></span> <span class='ocrx_word' id='word_1_286' title='bbox 359 2832 460 2868; x_wconf 85' lang='lat' dir='ltr'><strong>versum</strong></span> <span class='ocrx_word' id='word_1_287' title='bbox 473 2823 514 2870; x_wconf 89' lang='grc'><strong>22.</strong></span> <span class='ocrx_word' id='word_1_288' title='bbox 526 2833 590 2868; x_wconf 87' lang='lat' dir='ltr'><strong>vnce</strong></span> <span class='ocrx_word' id='word_1_289' title='bbox 601 2819 662 2868; x_wconf 85' lang='lat' dir='ltr'><strong>Hui.</strong></span> <span class='ocrx_word' id='word_1_290' title='bbox 696 2819 750 2867; x_wconf 84' lang='lat' dir='ltr'><strong>Dat</strong></span> <span class='ocrx_word' id='word_1_291' title='bbox 761 2827 789 2868; x_wconf 85' lang='lat' dir='ltr'><strong>et</strong></span> <span class='ocrx_word' id='word_1_292' title='bbox 799 2817 876 2867; x_wconf 85' lang='lat' dir='ltr'><strong>Both.</strong></span> <span class='ocrx_word' id='word_1_293' title='bbox 887 2823 973 2880; x_wconf 80' lang='lat' dir='ltr'><strong>quomo</strong></span> <span class='ocrx_word' id='word_1_294' title='bbox 983 2832 1024 2880; x_wconf 77' lang='lat' dir='ltr'><strong>spe</strong></span> <span class='ocrx_word' id='word_1_295' title='bbox 1034 2817 1121 2879; x_wconf 80' lang='lat' dir='ltr'><strong>minus,</strong></span> <span class='ocrx_word' id='word_1_296' title='bbox 1136 2818 1232 2869; x_wconf 80' lang='lat' dir='ltr'><strong>omisso</strong></span> <span class='ocrx_word' id='word_1_297' title='bbox 1242 2825 1285 2870; x_wconf 83' lang='lat' dir='ltr'><strong>cst.</strong></span> 
     </span>
     <span class='ocr_line' id='line_1_31' title="bbox 185 2881 1283 2946; baseline 0.003 -16"><span class='ocrx_word' id='word_1_298' title='bbox 185 2881 331 2946; x_wconf 79' lang='lat' dir='ltr'><strong>‘Dignius&#39;</strong></span> <span class='ocrx_word' id='word_1_299' title='bbox 353 2885 481 2932; x_wconf 83' lang='lat' dir='ltr'><strong>collocant</strong></span> <span class='ocrx_word' id='word_1_300' title='bbox 492 2885 519 2932; x_wconf 94' lang='lat' dir='ltr'><strong>in</strong></span> <span class='ocrx_word' id='word_1_301' title='bbox 530 2898 607 2933; x_wconf 82' lang='lat' dir='ltr'><strong>uersu</strong></span> <span class='ocrx_word' id='word_1_302' title='bbox 624 2887 666 2933; x_wconf 89' lang='grc'><strong>22.</strong></span> <span class='ocrx_word' id='word_1_303' title='bbox 684 2883 763 2932; x_wconf 85' lang='lat' dir='ltr'><strong>Bent.</strong></span> <span class='ocrx_word' id='word_1_304' title='bbox 779 2883 857 2931; x_wconf 90' lang='lat' dir='ltr'><strong>Botb.</strong></span> <span class='ocrx_word' id='word_1_305' title='bbox 869 2881 939 2931; x_wconf 84' lang='lat' dir='ltr'><strong>Perl.</strong></span> <span class='ocrx_word' id='word_1_306' title='bbox 953 2891 980 2930; x_wconf 88' lang='lat' dir='ltr'><strong>et</strong></span> <span class='ocrx_word' id='word_1_307' title='bbox 994 2882 1057 2931; x_wconf 78' lang='lat' dir='ltr'><strong>duint</strong></span> <span class='ocrx_word' id='word_1_308' title='bbox 1069 2883 1121 2942; x_wconf 82' lang='lat' dir='ltr'><strong>buc,</strong></span> <span class='ocrx_word' id='word_1_309' title='bbox 1131 2881 1223 2944; x_wconf 78' lang='lat' dir='ltr'><strong>scater,</strong></span> <span class='ocrx_word' id='word_1_310' title='bbox 1234 2888 1283 2933; x_wconf 82' lang='lat' dir='ltr'><strong>tun.</strong></span> 
     </span>
     <span class='ocr_line' id='line_1_32' title="bbox 184 2945 1286 3012; baseline 0.002 -17"><span class='ocrx_word' id='word_1_311' title='bbox 184 2951 249 2996; x_wconf 83' lang='grc'><strong>-24</strong></span> <span class='ocrx_word' id='word_1_312' title='bbox 268 2945 396 3003; x_wconf 77' lang='lat' dir='ltr'><strong>Quidvis?</strong></span> <span class='ocrx_word' id='word_1_313' title='bbox 405 2947 505 3008; x_wconf 78' lang='lat' dir='ltr'><strong>sociam.</strong></span> <span class='ocrx_word' id='word_1_314' title='bbox 539 2947 582 2996; x_wconf 81' lang='lat' dir='ltr'><strong>Ita</strong></span> <span class='ocrx_word' id='word_1_315' title='bbox 591 2947 655 2996; x_wconf 84' lang='lat' dir='ltr'><strong>daut</strong></span> <span class='ocrx_word' id='word_1_316' title='bbox 665 2947 728 2994; x_wconf 82' lang='lat' dir='ltr'><strong>Pur.</strong></span> <span class='ocrx_word' id='word_1_317' title='bbox 740 2946 876 2996; x_wconf 80' lang='lat' dir='ltr'><strong>Perl.-25</strong></span> <span class='ocrx_word' id='word_1_318' title='bbox 895 2946 1010 3009; x_wconf 78' lang='lat' dir='ltr'><strong>Tandem]</strong></span> <span class='ocrx_word' id='word_1_319' title='bbox 1027 2945 1070 2994; x_wconf 86' lang='lat' dir='ltr'><strong>Ita</strong></span> <span class='ocrx_word' id='word_1_320' title='bbox 1081 2946 1145 3009; x_wconf 80' lang='lat' dir='ltr'><strong>legit</strong></span> <span class='ocrx_word' id='word_1_321' title='bbox 1155 2947 1286 3012; x_wconf 78' lang='lat' dir='ltr'><strong>schottus,</strong></span> 
     </span>
     <span class='ocr_line' id='line_1_33' title="bbox 184 3007 1286 3086; baseline 0.004 -28"><span class='ocrx_word' id='word_1_322' title='bbox 184 3007 258 3086; x_wconf 37' lang='lat' dir='ltr'><strong>Noti..</strong></span> <span class='ocrx_word' id='word_1_323' title='bbox 268 3011 323 3059; x_wconf 86' lang='lat' dir='ltr'><strong>Cic.</strong></span> <span class='ocrx_word' id='word_1_324' title='bbox 335 3025 375 3059; x_wconf 79' lang='grc' dir='ltr'><strong>ιν.</strong></span> <span class='ocrx_word' id='word_1_325' title='bbox 386 3016 426 3060; x_wconf 85' lang='grc'><strong>18.</strong></span> <span class='ocrx_word' id='word_1_326' title='bbox 450 3011 606 3061; x_wconf 80' lang='lat' dir='ltr'><strong>Gebhardus</strong></span> <span class='ocrx_word' id='word_1_327' title='bbox 617 3015 703 3072; x_wconf 83' lang='lat' dir='ltr'><strong>tomen,</strong></span> <span class='ocrx_word' id='word_1_328' title='bbox 719 3012 752 3060; x_wconf 86' lang='lat' dir='ltr'><strong>sd</strong></span> <span class='ocrx_word' id='word_1_329' title='bbox 763 3010 895 3061; x_wconf 79' lang='lat' dir='ltr'><strong>Ciceronis</strong></span> <span class='ocrx_word' id='word_1_330' title='bbox 914 3011 985 3060; x_wconf 82' lang='lat' dir='ltr'><strong>Fam.</strong></span> <span class='ocrx_word' id='word_1_331' title='bbox 997 3023 1049 3060; x_wconf 85' lang='lat' dir='ltr'><strong>un.</strong></span> <span class='ocrx_word' id='word_1_332' title='bbox 1061 3014 1102 3059; x_wconf 78' lang='lat' dir='ltr'><strong>ill.</strong></span> <span class='ocrx_word' id='word_1_333' title='bbox 1123 3011 1200 3061; x_wconf 85' lang='lat' dir='ltr'><strong>Wcst.</strong></span> <span class='ocrx_word' id='word_1_334' title='bbox 1233 3013 1286 3062; x_wconf 80' lang='lat' dir='ltr'><strong>Ali·</strong></span> 
     </span>
     <span class='ocr_line' id='line_1_34' title="bbox 183 3074 1286 3212; baseline 0.005 -26"><span class='ocrx_word' id='word_1_335' title='bbox 183 3074 1286 3212; x_wconf 50' lang='lat' dir='ltr'><strong>tilttl&#39;ltltltlllltl„lll‘t‘f‚lltitlsl‘liilti&#39;lbltlltf</strong></span> 
     </span>
     <span class='ocr_line' id='line_1_35' title="bbox 185 3201 1287 3268; baseline 0.004 -17"><span class='ocrx_word' id='word_1_336' title='bbox 185 3209 300 3265; x_wconf 76' lang='lat' dir='ltr'><strong>gentiam</strong></span> <span class='ocrx_word' id='word_1_337' title='bbox 312 3201 440 3252; x_wconf 80' lang='lat' dir='ltr'><strong>desidero.</strong></span> <span class='ocrx_word' id='word_1_338' title='bbox 473 3204 563 3255; x_wconf 85' lang='lat' dir='ltr'><strong>Codex</strong></span> <span class='ocrx_word' id='word_1_339' title='bbox 576 3205 643 3254; x_wconf 83' lang='lat' dir='ltr'><strong>enim</strong></span> <span class='ocrx_word' id='word_1_340' title='bbox 655 3204 805 3267; x_wconf 87' lang='lat' dir='ltr'><strong>Bembinus,</strong></span> <span class='ocrx_word' id='word_1_341' title='bbox 818 3204 877 3268; x_wconf 87' lang='lat' dir='ltr'><strong>ipso</strong></span> <span class='ocrx_word' id='word_1_342' title='bbox 889 3204 987 3254; x_wconf 85' lang='lat' dir='ltr'><strong>Bembo</strong></span> <span class='ocrx_word' id='word_1_343' title='bbox 999 3211 1077 3264; x_wconf 83' lang='lat' dir='ltr'><strong>teste,</strong></span> <span class='ocrx_word' id='word_1_344' title='bbox 1093 3213 1145 3253; x_wconf 85' lang='lat' dir='ltr'><strong>non</strong></span> <span class='ocrx_word' id='word_1_345' title='bbox 1163 3205 1287 3268; x_wconf 77' lang='lat' dir='ltr'><strong>conlibuit,</strong></span> 
     </span>
     <span class='ocr_line' id='line_1_36' title="bbox 185 3266 1285 3332; baseline 0.004 -17"><span class='ocrx_word' id='word_1_346' title='bbox 185 3273 215 3315; x_wconf 90' lang='lat' dir='ltr'><strong>ut</strong></span> <span class='ocrx_word' id='word_1_347' title='bbox 226 3267 317 3329; x_wconf 89' lang='lat' dir='ltr'><strong>nostri,</strong></span> <span class='ocrx_word' id='word_1_348' title='bbox 334 3266 379 3315; x_wconf 88' lang='lat' dir='ltr'><strong>scd</strong></span> <span class='ocrx_word' id='word_1_349' title='bbox 390 3267 525 3318; x_wconf 78' lang='lat' dir='ltr'><strong>conlibitum</strong></span> <span class='ocrx_word' id='word_1_350' title='bbox 543 3268 632 3320; x_wconf 82' lang='lat' dir='ltr'><strong>babet.</strong></span> <span class='ocrx_word' id='word_1_351' title='bbox 667 3270 798 3332; x_wconf 81' lang='lat' dir='ltr'><strong>Donatus,</strong></span> <span class='ocrx_word' id='word_1_352' title='bbox 813 3275 867 3319; x_wconf 79' lang='lat' dir='ltr'><strong>tum</strong></span> <span class='ocrx_word' id='word_1_353' title='bbox 885 3270 910 3318; x_wconf 93' lang='lat' dir='ltr'><strong>in</strong></span> <span class='ocrx_word' id='word_1_354' title='bbox 929 3269 997 3318; x_wconf 84' lang='lat' dir='ltr'><strong>Edd.</strong></span> <span class='ocrx_word' id='word_1_355' title='bbox 1016 3276 1081 3317; x_wconf 83' lang='lat' dir='ltr'><strong>vctt.</strong></span> <span class='ocrx_word' id='word_1_356' title='bbox 1100 3284 1177 3332; x_wconf 87' lang='lat' dir='ltr'><strong>quam</strong></span> <span class='ocrx_word' id='word_1_357' title='bbox 1196 3270 1285 3321; x_wconf 80' lang='lat' dir='ltr'><strong>codice</strong></span> 
     </span>
     <span class='ocr_line' id='line_1_37' title="bbox 185 3331 1285 3397; baseline 0.005 -17"><span class='ocrx_word' id='word_1_358' title='bbox 185 3331 301 3393; x_wconf 87' lang='lat' dir='ltr'><strong>scripto:</strong></span> <span class='ocrx_word' id='word_1_359' title='bbox 318 3331 429 3396; x_wconf 87' lang='lat' dir='ltr'><strong>‘Siquid</strong></span> <span class='ocrx_word' id='word_1_360' title='bbox 451 3333 499 3381; x_wconf 92' lang='lat' dir='ltr'><strong>tibi</strong></span> <span class='ocrx_word' id='word_1_361' title='bbox 521 3334 665 3383; x_wconf 87' lang='lat' dir='ltr'><strong>collibitum</strong></span> <span class='ocrx_word' id='word_1_362' title='bbox 684 3335 742 3396; x_wconf 85' lang='lat' dir='ltr'><strong>est,’</strong></span> <span class='ocrx_word' id='word_1_363' title='bbox 764 3333 888 3397; x_wconf 86' lang='lat' dir='ltr'><strong>Ellipsis:</strong></span> <span class='ocrx_word' id='word_1_364' title='bbox 914 3348 961 3395; x_wconf 82' lang='lat' dir='ltr'><strong>pro</strong></span> <span class='ocrx_word' id='word_1_365' title='bbox 983 3333 1071 3396; x_wconf 82' lang='lat' dir='ltr'><strong>Siquid</strong></span> <span class='ocrx_word' id='word_1_366' title='bbox 1089 3333 1220 3384; x_wconf 80' lang='lat' dir='ltr'><strong>collibitum</strong></span> <span class='ocrx_word' id='word_1_367' title='bbox 1241 3341 1285 3393; x_wconf 85' lang='lat' dir='ltr'><strong>cst,</strong></span> 
     </span>
     <span class='ocr_line' id='line_1_38' title="bbox 184 3395 1285 3462; baseline 0.005 -19"><span class='ocrx_word' id='word_1_368' title='bbox 184 3395 266 3461; x_wconf 80' lang='lat' dir='ltr'><strong>efficis.</strong></span> <span class='ocrx_word' id='word_1_369' title='bbox 299 3395 406 3458; x_wconf 86' lang='lat' dir='ltr'><strong>Reponc</strong></span> <span class='ocrx_word' id='word_1_370' title='bbox 418 3411 491 3460; x_wconf 83' lang='lat' dir='ltr'><strong>orgo,</strong></span> <span class='ocrx_word' id='word_1_371' title='bbox 508 3396 613 3462; x_wconf 82' lang='lat' dir='ltr'><strong>Difficile</strong></span> <span class='ocrx_word' id='word_1_372' title='bbox 623 3402 667 3446; x_wconf 82' lang='lat' dir='ltr'><strong>cst.</strong></span> <span class='ocrx_word' id='word_1_373' title='bbox 695 3398 780 3460; x_wconf 86' lang='lat' dir='ltr'><strong>Siquid</strong></span> <span class='ocrx_word' id='word_1_374' title='bbox 789 3397 950 3460; x_wconf 86' lang='lat' dir='ltr'><strong>collibitumst,</strong></span> <span class='ocrx_word' id='word_1_375' title='bbox 965 3397 1019 3446; x_wconf 84' lang='lat' dir='ltr'><strong>uoci</strong></span> <span class='ocrx_word' id='word_1_376' title='bbox 1029 3403 1061 3447; x_wconf 85' lang='lat' dir='ltr'><strong>te.</strong></span> <span class='ocrx_word' id='word_1_377' title='bbox 1080 3398 1159 3448; x_wconf 80' lang='lat' dir='ltr'><strong>Bent.</strong></span> <span class='ocrx_word' id='word_1_378' title='bbox 1192 3398 1285 3462; x_wconf 77' lang='lat' dir='ltr'><strong>Siquid</strong></span> 
     </span>
     <span class='ocr_line' id='line_1_39' title="bbox 183 3458 1283 3526; baseline 0.005 -17"><span class='ocrx_word' id='word_1_379' title='bbox 183 3460 314 3509; x_wconf 82' lang='lat' dir='ltr'><strong>collibitum</strong></span> <span class='ocrx_word' id='word_1_380' title='bbox 323 3458 368 3522; x_wconf 66' lang='lat' dir='ltr'><strong>bt]</strong></span> <span class='ocrx_word' id='word_1_381' title='bbox 384 3461 426 3510; x_wconf 81' lang='lat' dir='ltr'><strong>Itu</strong></span> <span class='ocrx_word' id='word_1_382' title='bbox 437 3462 486 3511; x_wconf 90' lang='lat' dir='ltr'><strong>Do.</strong></span> <span class='ocrx_word' id='word_1_383' title='bbox 497 3463 537 3526; x_wconf 88' lang='lat' dir='ltr'><strong>[et</strong></span> <span class='ocrx_word' id='word_1_384' title='bbox 548 3462 626 3512; x_wconf 85' lang='lat' dir='ltr'><strong>Both.</strong></span> <span class='ocrx_word' id='word_1_385' title='bbox 638 3468 665 3509; x_wconf 88' lang='lat' dir='ltr'><strong>et</strong></span> <span class='ocrx_word' id='word_1_386' title='bbox 677 3460 732 3524; x_wconf 83' lang='lat' dir='ltr'><strong>ipsc</strong></span> <span class='ocrx_word' id='word_1_387' title='bbox 744 3460 829 3524; x_wconf 75' lang='lat' dir='ltr'><strong>Peri]</strong></span> <span class='ocrx_word' id='word_1_388' title='bbox 863 3460 1001 3510; x_wconf 78' lang='lat' dir='ltr'><strong>collibitum</strong></span> <span class='ocrx_word' id='word_1_389' title='bbox 1019 3468 1055 3511; x_wconf 83' lang='lat' dir='ltr'><strong>cst</strong></span> <span class='ocrx_word' id='word_1_390' title='bbox 1063 3461 1140 3520; x_wconf 80' lang='lat' dir='ltr'><strong>focile</strong></span> <span class='ocrx_word' id='word_1_391' title='bbox 1158 3463 1249 3513; x_wconf 76' lang='lat' dir='ltr'><strong>Gneli&#39;.</strong></span> <span class='ocrx_word' id='word_1_392' title='bbox 1259 3471 1283 3515; x_wconf 88' lang='lat'><strong>2.</strong></span> 
     </span>
     <span class='ocr_line' id='line_1_40' title="bbox 183 3524 1322 3593; baseline 0.005 -20"><span class='ocrx_word' id='word_1_393' title='bbox 183 3524 281 3588; x_wconf 78' lang='lat' dir='ltr'><strong>Siquid</strong></span> <span class='ocrx_word' id='word_1_394' title='bbox 296 3525 341 3574; x_wconf 86' lang='lat' dir='ltr'><strong>tibi</strong></span> <span class='ocrx_word' id='word_1_395' title='bbox 351 3529 375 3574; x_wconf 80' lang='grc'><strong>3.</strong></span> <span class='ocrx_word' id='word_1_396' title='bbox 387 3535 414 3575; x_wconf 86' lang='lat' dir='ltr'><strong>ct</strong></span> <span class='ocrx_word' id='word_1_397' title='bbox 425 3527 530 3588; x_wconf 81' lang='lat' dir='ltr'><strong>cognovi.</strong></span> <span class='ocrx_word' id='word_1_398' title='bbox 548 3527 683 3575; x_wconf 75' lang='lat' dir='ltr'><strong>Peru-nt</strong></span> <span class='ocrx_word' id='word_1_399' title='bbox 703 3526 808 3582; x_wconf 71' lang='lat' dir='ltr'><strong>Quodvis</strong></span> <span class='ocrx_word' id='word_1_400' title='bbox 825 3527 911 3575; x_wconf 84' lang='lat' dir='ltr'><strong>donum</strong></span> <span class='ocrx_word' id='word_1_401' title='bbox 925 3532 948 3575; x_wconf 86' lang='lat' dir='ltr'><strong>et</strong></span> <span class='ocrx_word' id='word_1_402' title='bbox 964 3527 1087 3588; x_wconf 73' lang='lat' dir='ltr'><strong>promtum</strong></span> <span class='ocrx_word' id='word_1_403' title='bbox 1101 3542 1117 3575; x_wconf 88' lang='lat' dir='ltr'><strong>o</strong></span> <span class='ocrx_word' id='word_1_404' title='bbox 1135 3541 1173 3576; x_wconf 79' lang='lat' dir='ltr'><strong>mc</strong></span> <span class='ocrx_word' id='word_1_405' title='bbox 1191 3530 1284 3593; x_wconf 78' lang='lat' dir='ltr'><strong>optato]</strong></span> <span class='ocrx_word' id='word_1_406' title='bbox 1320 3545 1322 3548; x_wconf 85' lang='lat'>·</span> 
     </span>
     <span class='ocr_line' id='line_1_41' title="bbox 185 3588 1285 3655; baseline 0.002 -16"><span class='ocrx_word' id='word_1_407' title='bbox 185 3588 293 3640; x_wconf 86' lang='lat' dir='ltr'><strong>Lectum</strong></span> <span class='ocrx_word' id='word_1_408' title='bbox 305 3591 365 3639; x_wconf 88' lang='lat' dir='ltr'><strong>olim</strong></span> <span class='ocrx_word' id='word_1_409' title='bbox 385 3590 464 3640; x_wconf 83' lang='lat' dir='ltr'><strong>etiam</strong></span> <span class='ocrx_word' id='word_1_410' title='bbox 482 3589 619 3651; x_wconf 63' lang='lat' dir='ltr'><strong>domibus,</strong></span> <span class='ocrx_word' id='word_1_411' title='bbox 637 3597 704 3639; x_wconf 86' lang='lat' dir='ltr'><strong>teste</strong></span> <span class='ocrx_word' id='word_1_412' title='bbox 725 3592 837 3641; x_wconf 79' lang='lat' dir='ltr'><strong>Donato.</strong></span> <span class='ocrx_word' id='word_1_413' title='bbox 870 3590 906 3639; x_wconf 84' lang='lat' dir='ltr'><strong>Et</strong></span> <span class='ocrx_word' id='word_1_414' title='bbox 923 3591 961 3639; x_wconf 85' lang='lat' dir='ltr'><strong>its</strong></span> <span class='ocrx_word' id='word_1_415' title='bbox 972 3591 1078 3639; x_wconf 79' lang='lat' dir='ltr'><strong>exhibet</strong></span> <span class='ocrx_word' id='word_1_416' title='bbox 1089 3590 1171 3641; x_wconf 85' lang='lat' dir='ltr'><strong>editio</strong></span> <span class='ocrx_word' id='word_1_417' title='bbox 1182 3591 1285 3655; x_wconf 76' lang='lat' dir='ltr'><strong>Aldine,</strong></span> 
     </span>
     <span class='ocr_line' id='line_1_42' title="bbox 185 3653 1284 3719; baseline 0.005 -17"><span class='ocrx_word' id='word_1_418' title='bbox 185 3661 213 3703; x_wconf 89' lang='lat' dir='ltr'><strong>et</strong></span> <span class='ocrx_word' id='word_1_419' title='bbox 225 3656 342 3717; x_wconf 84' lang='lat' dir='ltr'><strong>quaedam</strong></span> <span class='ocrx_word' id='word_1_420' title='bbox 355 3655 421 3704; x_wconf 86' lang='lat' dir='ltr'><strong>allae.</strong></span> <span class='ocrx_word' id='word_1_421' title='bbox 454 3656 519 3705; x_wconf 90' lang='lat' dir='ltr'><strong>Sunt</strong></span> <span class='ocrx_word' id='word_1_422' title='bbox 530 3656 599 3716; x_wconf 83' lang='lat' dir='ltr'><strong>libri,</strong></span> <span class='ocrx_word' id='word_1_423' title='bbox 609 3655 635 3703; x_wconf 89' lang='lat' dir='ltr'><strong>in</strong></span> <span class='ocrx_word' id='word_1_424' title='bbox 648 3655 740 3719; x_wconf 83' lang='lat' dir='ltr'><strong>quibus</strong></span> <span class='ocrx_word' id='word_1_425' title='bbox 752 3662 801 3717; x_wconf 86' lang='lat' dir='ltr'><strong>est,</strong></span> <span class='ocrx_word' id='word_1_426' title='bbox 810 3657 896 3704; x_wconf 76' lang='lat' dir='ltr'><strong>donum</strong></span> <span class='ocrx_word' id='word_1_427' title='bbox 909 3653 936 3703; x_wconf 84' lang='lat' dir='ltr'><strong>io</strong></span> <span class='ocrx_word' id='word_1_428' title='bbox 953 3656 1085 3717; x_wconf 76' lang='lat' dir='ltr'><strong>promtum.</strong></span> <span class='ocrx_word' id='word_1_429' title='bbox 1119 3654 1152 3704; x_wconf 88' lang='lat' dir='ltr'><strong>ln</strong></span> <span class='ocrx_word' id='word_1_430' title='bbox 1163 3656 1231 3718; x_wconf 84' lang='lat' dir='ltr'><strong>ullis,</strong></span> <span class='ocrx_word' id='word_1_431' title='bbox 1245 3661 1284 3707; x_wconf 89' lang='lat' dir='ltr'><strong>do·</strong></span> 
     </span>
     <span class='ocr_line' id='line_1_43' title="bbox 184 3718 1283 3785; baseline 0.005 -20"><span class='ocrx_word' id='word_1_432' title='bbox 184 3733 240 3767; x_wconf 88' lang='lat' dir='ltr'><strong>uum</strong></span> <span class='ocrx_word' id='word_1_433' title='bbox 250 3735 265 3768; x_wconf 88' lang='lat' dir='ltr'><strong>o</strong></span> <span class='ocrx_word' id='word_1_434' title='bbox 276 3735 312 3769; x_wconf 88' lang='lat' dir='ltr'><strong>me</strong></span> <span class='ocrx_word' id='word_1_435' title='bbox 328 3726 352 3770; x_wconf 82' lang='lat' dir='ltr'><strong>et</strong></span> <span class='ocrx_word' id='word_1_436' title='bbox 369 3720 493 3784; x_wconf 68' lang='lat' dir='ltr'><strong>premium</strong></span> <span class='ocrx_word' id='word_1_437' title='bbox 503 3724 592 3782; x_wconf 80' lang='lat' dir='ltr'><strong>optato.</strong></span> <span class='ocrx_word' id='word_1_438' title='bbox 608 3721 690 3770; x_wconf 87' lang='lat' dir='ltr'><strong>West.</strong></span> <span class='ocrx_word' id='word_1_439' title='bbox 724 3720 821 3770; x_wconf 85' lang='lat' dir='ltr'><strong>Contra</strong></span> <span class='ocrx_word' id='word_1_440' title='bbox 833 3719 930 3768; x_wconf 84' lang='lat' dir='ltr'><strong>Douuti</strong></span> <span class='ocrx_word' id='word_1_441' title='bbox 946 3718 1140 3769; x_wconf 83' lang='lat' dir='ltr'><strong>distinctionem</strong></span> <span class='ocrx_word' id='word_1_442' title='bbox 1152 3719 1218 3770; x_wconf 80' lang='lat' dir='ltr'><strong>fucit</strong></span> <span class='ocrx_word' id='word_1_443' title='bbox 1228 3722 1283 3785; x_wconf 89' lang='lat' dir='ltr'><strong>ipse</strong></span> 
     </span>
     <span class='ocr_line' id='line_1_44' title="bbox 186 3782 1283 3848; baseline 0.005 -19"><span class='ocrx_word' id='word_1_444' title='bbox 186 3782 325 3832; x_wconf 83' lang='lat' dir='ltr'><strong>Terentius</strong></span> <span class='ocrx_word' id='word_1_445' title='bbox 338 3800 426 3848; x_wconf 73' lang='lat' dir='ltr'><strong>surpra,</strong></span> <span class='ocrx_word' id='word_1_446' title='bbox 435 3799 467 3833; x_wconf 85' lang='grc' dir='ltr'><strong>ιι.</strong></span> <span class='ocrx_word' id='word_1_447' title='bbox 479 3790 503 3834; x_wconf 77' lang='grc'><strong>3.</strong></span> <span class='ocrx_word' id='word_1_448' title='bbox 514 3789 554 3834; x_wconf 86' lang='grc'><strong>60.</strong></span> <span class='ocrx_word' id='word_1_449' title='bbox 563 3789 603 3834; x_wconf 89' lang='grc'><strong>61.</strong></span> <span class='ocrx_word' id='word_1_450' title='bbox 615 3788 655 3833; x_wconf 78' lang='grc'><strong>63.</strong></span> <span class='ocrx_word' id='word_1_451' title='bbox 667 3789 707 3834; x_wconf 88' lang='grc'><strong>66.</strong></span> <span class='ocrx_word' id='word_1_452' title='bbox 734 3784 847 3833; x_wconf 79' lang='lat' dir='ltr'><strong>Consule</strong></span> <span class='ocrx_word' id='word_1_453' title='bbox 865 3785 1040 3832; x_wconf 82' lang='lat' dir='ltr'><strong>Burmannmn</strong></span> <span class='ocrx_word' id='word_1_454' title='bbox 1057 3783 1090 3831; x_wconf 83' lang='lat' dir='ltr'><strong>cd</strong></span> <span class='ocrx_word' id='word_1_455' title='bbox 1110 3783 1161 3834; x_wconf 84' lang='lat' dir='ltr'><strong>Ov.</strong></span> <span class='ocrx_word' id='word_1_456' title='bbox 1173 3785 1242 3835; x_wconf 83' lang='lat' dir='ltr'><strong>Met.</strong></span> <span class='ocrx_word' id='word_1_457' title='bbox 1253 3799 1283 3835; x_wconf 88' lang='lat'><strong>11.</strong></span> 
     </span>
     <span class='ocr_line' id='line_1_45' title="bbox 157 3847 1283 3912; baseline 0.004 -18"><span class='ocrx_word' id='word_1_458' title='bbox 157 3847 162 3856; x_wconf 89' lang='grc'><em>“</em></span> <span class='ocrx_word' id='word_1_459' title='bbox 185 3849 227 3894; x_wconf 81' lang='lat' dir='ltr'><strong>dd.</strong></span> <span class='ocrx_word' id='word_1_460' title='bbox 260 3848 334 3896; x_wconf 80' lang='lat' dir='ltr'><strong>Idin</strong></span> <span class='ocrx_word' id='word_1_461' title='bbox 352 3849 415 3901; x_wconf 81' lang='lat' dir='ltr'><strong>Add.</strong></span> <span class='ocrx_word' id='word_1_462' title='bbox 442 3851 548 3906; x_wconf 83' lang='lat' dir='ltr'><strong>Donum,</strong></span> <span class='ocrx_word' id='word_1_463' title='bbox 565 3848 616 3912; x_wconf 70' lang='lat' dir='ltr'><strong>pm]</strong></span> <span class='ocrx_word' id='word_1_464' title='bbox 635 3848 674 3898; x_wconf 89' lang='grc' dir='ltr'><strong>ΑΙ.</strong></span> <span class='ocrx_word' id='word_1_465' title='bbox 694 3855 726 3898; x_wconf 87' lang='lat' dir='ltr'><strong>et.</strong></span> <span class='ocrx_word' id='word_1_466' title='bbox 745 3849 858 3898; x_wconf 84' lang='lat' dir='ltr'><strong>Extrud.</strong></span> <span class='ocrx_word' id='word_1_467' title='bbox 870 3849 932 3897; x_wconf 81' lang='lat' dir='ltr'><strong>Por.</strong></span> <span class='ocrx_word' id='word_1_468' title='bbox 946 3848 1015 3897; x_wconf 85' lang='lat' dir='ltr'><strong>Mur.</strong></span> <span class='ocrx_word' id='word_1_469' title='bbox 1028 3848 1108 3898; x_wconf 85' lang='lat' dir='ltr'><strong>Bent.</strong></span> <span class='ocrx_word' id='word_1_470' title='bbox 1120 3849 1153 3896; x_wconf 82' lang='lat' dir='ltr'><strong>cl.</strong></span> <span class='ocrx_word' id='word_1_471' title='bbox 1173 3850 1283 3899; x_wconf 84' lang='lat' dir='ltr'><strong>Lectum</strong></span> 
     </span>
     <span class='ocr_line' id='line_1_46' title="bbox 185 3910 1282 3978; baseline 0.005 -20"><span class='ocrx_word' id='word_1_472' title='bbox 185 3910 245 3958; x_wconf 89' lang='lat' dir='ltr'><strong>olim</strong></span> <span class='ocrx_word' id='word_1_473' title='bbox 266 3911 403 3963; x_wconf 71' lang='lat' dir='ltr'><strong>iombt&#39;rns.</strong></span> <span class='ocrx_word' id='word_1_474' title='bbox 422 3915 486 3963; x_wconf 82' lang='lat' dir='ltr'><strong>Perl.</strong></span> <span class='ocrx_word' id='word_1_475' title='bbox 519 3914 598 3976; x_wconf 82' lang='lat' dir='ltr'><strong>Vulg.</strong></span> <span class='ocrx_word' id='word_1_476' title='bbox 617 3914 721 3969; x_wconf 79' lang='lat' dir='ltr'><strong>Quodvis</strong></span> <span class='ocrx_word' id='word_1_477' title='bbox 737 3917 822 3964; x_wconf 83' lang='lat' dir='ltr'><strong>donum</strong></span> <span class='ocrx_word' id='word_1_478' title='bbox 842 3918 866 3962; x_wconf 86' lang='lat' dir='ltr'><strong>ct</strong></span> <span class='ocrx_word' id='word_1_479' title='bbox 885 3926 924 3975; x_wconf 79' lang='lat' dir='ltr'><strong>qr.</strong></span> <span class='ocrx_word' id='word_1_480' title='bbox 944 3911 1043 3975; x_wconf 73' lang='lat' dir='ltr'><strong>putide·</strong></span> <span class='ocrx_word' id='word_1_481' title='bbox 1065 3912 1144 3962; x_wconf 88' lang='lat' dir='ltr'><strong>Bent.</strong></span> <span class='ocrx_word' id='word_1_482' title='bbox 1164 3915 1282 3978; x_wconf 80' lang='lat' dir='ltr'><strong>copulem</strong></span> 
     </span>
     <span class='ocr_line' id='line_1_47' title="bbox 187 3971 1284 4052; baseline 0.005 -30"><span class='ocrx_word' id='word_1_483' title='bbox 187 3971 307 4025; x_wconf 83' lang='lat' dir='ltr'><strong>omittere</strong></span> <span class='ocrx_word' id='word_1_484' title='bbox 319 3979 379 4026; x_wconf 83' lang='lat' dir='ltr'><strong>satis</strong></span> <span class='ocrx_word' id='word_1_485' title='bbox 396 3980 492 4028; x_wconf 79' lang='lat' dir='ltr'><strong>habuit.</strong></span> <span class='ocrx_word' id='word_1_486' title='bbox 525 3979 599 4027; x_wconf 78' lang='lat' dir='ltr'><strong>Botlt.</strong></span> <span class='ocrx_word' id='word_1_487' title='bbox 617 3979 659 4041; x_wconf 88' lang='lat' dir='ltr'><strong>qui</strong></span> <span class='ocrx_word' id='word_1_488' title='bbox 671 3979 716 4028; x_wconf 86' lang='lat' dir='ltr'><strong>dat</strong></span> <span class='ocrx_word' id='word_1_489' title='bbox 728 3978 834 4035; x_wconf 80' lang='lat' dir='ltr'><strong>Quodvis</strong></span> <span class='ocrx_word' id='word_1_490' title='bbox 843 3979 928 4025; x_wconf 78' lang='lat' dir='ltr'><strong>donum</strong></span> <span class='ocrx_word' id='word_1_491' title='bbox 942 3977 1066 4040; x_wconf 78' lang='lat' dir='ltr'><strong>promion</strong></span> <span class='ocrx_word' id='word_1_492' title='bbox 1084 3979 1180 4052; x_wconf 47' lang='lat' dir='ltr'><strong>moqdc.</strong></span> <span class='ocrx_word' id='word_1_493' title='bbox 1201 3980 1284 4028; x_wconf 85' lang='lat' dir='ltr'><strong>Notat</strong></span> 
     </span>
     <span class='ocr_line' id='line_1_48' title="bbox 186 4037 1284 4106; baseline 0.004 -20"><span class='ocrx_word' id='word_1_494' title='bbox 186 4037 290 4088; x_wconf 86' lang='lat' dir='ltr'><strong>Brnns:</strong></span> <span class='ocrx_word' id='word_1_495' title='bbox 324 4043 331 4068; x_wconf 86' lang='lat'>‘</span> <span class='ocrx_word' id='word_1_496' title='bbox 345 4042 460 4106; x_wconf 78' lang='lat' dir='ltr'><strong>Quodvis]</strong></span> <span class='ocrx_word' id='word_1_497' title='bbox 477 4044 565 4092; x_wconf 81' lang='lat' dir='ltr'><strong>Mutat</strong></span> <span class='ocrx_word' id='word_1_498' title='bbox 576 4043 602 4091; x_wconf 92' lang='lat' dir='ltr'><strong>in</strong></span> <span class='ocrx_word' id='word_1_499' title='bbox 616 4043 734 4098; x_wconf 70' lang='lat' dir='ltr'><strong>Quincti!</strong></span> <span class='ocrx_word' id='word_1_500' title='bbox 770 4044 803 4090; x_wconf 83' lang='lat' dir='ltr'><strong>Et</strong></span> <span class='ocrx_word' id='word_1_501' title='bbox 820 4041 943 4090; x_wconf 87' lang='lat' dir='ltr'><strong>omittunt</strong></span> <span class='ocrx_word' id='word_1_502' title='bbox 956 4043 1000 4091; x_wconf 85' lang='lat' dir='ltr'><strong>Bt.</strong></span> <span class='ocrx_word' id='word_1_503' title='bbox 1014 4042 1080 4104; x_wconf 80' lang='lat' dir='ltr'><strong>Eug.</strong></span> <span class='ocrx_word' id='word_1_504' title='bbox 1098 4042 1159 4104; x_wconf 84' lang='lat' dir='ltr'><strong>Brp.</strong></span> <span class='ocrx_word' id='word_1_505' title='bbox 1178 4043 1284 4092; x_wconf 87' lang='lat' dir='ltr'><strong>Peri.-</strong></span> 
     </span>
     <span class='ocr_line' id='line_1_49' title="bbox 186 4103 1282 4171; baseline 0.005 -21"><span class='ocrx_word' id='word_1_506' title='bbox 186 4104 429 4168; x_wconf 63' lang='lat' dir='ltr'><strong>monticulos,</strong></span> <span class='ocrx_word' id='word_1_507' title='bbox 447 4114 475 4156; x_wconf 86' lang='lat' dir='ltr'><strong>ut</strong></span> <span class='ocrx_word' id='word_1_508' title='bbox 495 4114 538 4157; x_wconf 80' lang='lat' dir='ltr'><strong>tun</strong></span> <span class='ocrx_word' id='word_1_509' title='bbox 554 4108 614 4157; x_wconf 86' lang='lat' dir='ltr'><strong>mibi</strong></span> <span class='ocrx_word' id='word_1_510' title='bbox 632 4110 726 4156; x_wconf 83' lang='lat' dir='ltr'><strong>domus:</strong></span> <span class='ocrx_word' id='word_1_511' title='bbox 743 4106 897 4168; x_wconf 77' lang='lat' dir='ltr'><strong>elegantius.</strong></span> <span class='ocrx_word' id='word_1_512' title='bbox 918 4106 994 4155; x_wconf 86' lang='lat' dir='ltr'><strong>Wcst.</strong></span> <span class='ocrx_word' id='word_1_513' title='bbox 1026 4103 1108 4154; x_wconf 83' lang='lat' dir='ltr'><strong>Siboc</strong></span> <span class='ocrx_word' id='word_1_514' title='bbox 1118 4107 1204 4171; x_wconf 80' lang='lat' dir='ltr'><strong>officio]</strong></span> <span class='ocrx_word' id='word_1_515' title='bbox 1222 4109 1251 4156; x_wconf 88' lang='lat' dir='ltr'><strong>L.</strong></span> <span class='ocrx_word' id='word_1_516' title='bbox 1263 4122 1282 4155; x_wconf 91' lang='lat' dir='ltr'><strong>s.</strong></span> 
     </span>
     <span class='ocr_line' id='line_1_50' title="bbox 187 4167 1283 4242; baseline 0.005 -27"><span class='ocrx_word' id='word_1_517' title='bbox 187 4175 214 4216; x_wconf 84' lang='lat' dir='ltr'><strong>ot</strong></span> <span class='ocrx_word' id='word_1_518' title='bbox 227 4167 351 4232; x_wconf 82' lang='lat' dir='ltr'><strong>Donatus,</strong></span> <span class='ocrx_word' id='word_1_519' title='bbox 362 4170 390 4218; x_wconf 82' lang='lat' dir='ltr'><strong>Si</strong></span> <span class='ocrx_word' id='word_1_520' title='bbox 400 4173 473 4236; x_wconf 79' lang='lat' dir='ltr'><strong>efficio</strong></span> <span class='ocrx_word' id='word_1_521' title='bbox 484 4172 534 4221; x_wconf 84' lang='lat' dir='ltr'><strong>loo.</strong></span> <span class='ocrx_word' id='word_1_522' title='bbox 551 4172 596 4222; x_wconf 85' lang='lat' dir='ltr'><strong>Fa.</strong></span> <span class='ocrx_word' id='word_1_523' title='bbox 629 4172 719 4221; x_wconf 84' lang='lat' dir='ltr'><strong>Nostri</strong></span> <span class='ocrx_word' id='word_1_524' title='bbox 729 4185 833 4234; x_wconf 87' lang='lat' dir='ltr'><strong>quoque</strong></span> <span class='ocrx_word' id='word_1_525' title='bbox 843 4183 932 4219; x_wconf 85' lang='lat' dir='ltr'><strong>omnes</strong></span> <span class='ocrx_word' id='word_1_526' title='bbox 950 4169 1024 4242; x_wconf 75' lang='lat' dir='ltr'><strong>efficio</strong></span> <span class='ocrx_word' id='word_1_527' title='bbox 1036 4169 1095 4230; x_wconf 68' lang='lat' dir='ltr'><strong>boc,</strong></span> <span class='ocrx_word' id='word_1_528' title='bbox 1118 4179 1145 4220; x_wconf 84' lang='lat' dir='ltr'><strong>et</strong></span> <span class='ocrx_word' id='word_1_529' title='bbox 1157 4170 1226 4222; x_wconf 85' lang='lat' dir='ltr'><strong>bons</strong></span> <span class='ocrx_word' id='word_1_530' title='bbox 1242 4185 1283 4221; x_wconf 84' lang='lat' dir='ltr'><strong>eo·</strong></span> 
     </span>
    </p>
   </div>
   <div class='ocr_carea' id='block_1_7' title="bbox 0 0 1345 4694">
    <p class='ocr_par' dir='ltr' id='par_1_12' title="bbox 0 0 1345 4694">
     <span class='ocr_line' id='line_1_51' title="bbox 0 0 1345 4694; baseline 0 0"><span class='ocrx_word' id='word_1_531' title='bbox 0 0 1345 4694; x_wconf 95' lang='lat' dir='ltr'><strong> </strong></span> 
     </span>
    </p>
   </div>
  </div>
 </body>
</html>
