2678 4694
114 281 180 349 ton
486 297 517 344 r.
541 294 722 344 rannnnu
748 294 837 342 arni

116 439 184 505 Cn.
207 438 286 505 Non
316 439 433 503 ausim.
479 437 548 501 ΡΥ.
572 435 669 501 Nihil
697 437 759 501 tibi
784 438 964 527 quiequam
991 437 1102 501 credo.
1147 438 1217 501 Ta.

246 542 405 607 Desinas.
1178 543 1220 604 45

116 645 185 710 cn.
209 643 310 709 Nunc
325 662 389 727 ego
404 649 439 707 te
452 642 488 706 in
503 641 566 706 hac
581 661 616 706 ro
632 642 714 706 milri
731 662 792 708 oro
808 649 846 707 ut
858 643 1005 729 edJutrix
1022 645 1101 707 sies.

116 749 190 830 Ego
201 767 255 811 me
269 755 338 811 ture
353 745 551 810 commendo
567 750 601 809 et
616 745 787 810 committo
802 745 892 810 fidoi.

113 847 166 912 Το
180 848 261 912 mihi
275 856 452 933 patronam
470 848 583 930 cupio,
598 847 726 927 Thais;
742 856 775 913 te
791 849 935 912 obsecro
951 869 959 912 :

117 949 281 1028 Emoriar,
297 952 327 1015 si
341 969 409 1015 non
423 950 510 1014 hanc
526 969 665 1015 uxorem
681 948 823 1015 duxero.

100 1042 187 1116 xTri.
208 1051 338 1118 Tamen
350 1052 381 1114 si
390 1056 496 1133 pater.
523 1050 591 1116 CH.
609 1050 727 1129 Quidt
752 1052 815 1115 ah!
839 1052 941 1130 volet,
951 1059 1042 1115 certo
1059 1052 1156 1133 sci0;
1180 1053 1223 1116 50

118 1151 215 1219 Civis
229 1154 331 1219 modo
345 1154 420 1218 haee
436 1155 491 1217 sit.
536 1155 605 1218 ΤΗ.
629 1152 810 1218 Paululum
829 1156 1011 1237 opperirier

117 1255 157 1321 si
168 1255 233 1333 vis,
242 1255 314 1339 jam
329 1253 431 1318 frater
445 1256 521 1337 ipso
536 1255 589 1318 hic
600 1253 706 1318 aderit
721 1255 875 1338 virginis:

120 1356 298 1421 Nutricem
314 1356 512 1419 arcessitum
526 1355 578 1434 iit,
593 1376 669 1439 quae
685 1357 778 1420 illam
792 1357 876 1422 aluit
890 1357 1076 1440 parvolam.

119 1459 162 1523 In
175 1457 407 1539 cognoscendo
421 1462 492 1523 tute
507 1456 583 1542 ipsa
599 1457 722 1535 aderis,
738 1457 893 1522 Chaerea.

120 1559 188 1625 Cn.
215 1559 282 1643 Ego
295 1577 378 1624 vero
392 1577 523 1623 maneo.
566 1559 636 1623 Tu.
658 1557 738 1623 Vin'
752 1559 890 1638 interea,
905 1559 986 1624 dnm
1000 1559 1032 1624 is
1048 1561 1150 1634 venit,
1181 1563 1225 1625 55

120 1792 151 1841 ab
161 1792 207 1841 isto
217 1792 303 1853 sentin
313 1807 343 1841 ne
353 1807 423 1855 quom
434 1793 542 1842 iecissem
557 1797 582 1842 et
593 1791 707 1852 fraudent
719 1793 807 1851 sociat.
841 1794 894 1843 Ca.
912 1794 968 1841 Non
984 1793 1070 1854 atesim,
1081 1791 1178 1841 etinnssi
1188 1806 1227 1838 ne·

120 1856 393 1921 lim(propterfratrem
404 1855 563 1920 Pinariam).
597 1857 651 1906 Pr.
664 1856 1076 1920 Nullnrnfidemtnisdietisbaben.
1110 1857 1163 1905 ΤΗ.
1177 1857 1227 1905 Fac

120 1920 382 1984 uiderinasd'ytltias.
416 1921 469 1969 Cn.
489 1921 558 1969 Nune
574 1921 600 1969 ia
618 1921 790 1983 transmitteris,
809 1936 845 1969 me
864 1924 894 1970 do
906 1921 992 1985 fldem,
1010 1929 1033 1970 et
1053 1920 1079 1968 in
1095 1922 1228 1968 clientelam

120 1988 277 2050 traanteqee
287 1987 379 2033 otneero
396 1991 424 2033 nt
440 1986 467 2033 in
482 1986 589 2033 neemia
607 1999 681 2034 neore
694 1985 820 2046 anpbr'ln
831 1985 951 2045 mejnnes.
987 1987 1021 2035 Te
1032 1985 1090 2033 mibi
1100 1990 1227 2046 petronam

120 2049 192 2114 elige,
204 2050 294 2107 Thetin
309 2055 334 2097 te
343 2064 387 2111 per
398 2050 462 2098 Deos
472 2048 590 2097 obtestor:
606 2049 695 2097 morior
705 2050 807 2103 omnino,
823 2049 846 2096 si
856 2065 903 2098 non
912 2050 973 2098 bene
983 2050 1009 2097 in
1020 2063 1118 2098 onorem
1128 2049 1226 2110 accipio.

120 2115 173 2163 Ta.
194 2115 291 2176 Temen,
302 2113 402 2178 sipater
411 2114 523 2163 soluerit.
556 2113 609 2161 Cn.
626 2114 667 2162 Ab
685 2114 742 2175 qnid
761 2113 873 2162 debitos?
892 2114 969 2174 Volet,
986 2113 1057 2176 probe
1076 2113 1142 2170 seio,·
1159 2115 1227 2160 dum·

120 2182 190 2228 modo
200 2180 250 2228 boee
260 2178 370 2227 mann.
402 2178 454 2227 Ta.
472 2177 501 2225 Si
517 2179 637 2240 paulisper
656 2177 693 2226 aie
711 2181 844 2240 expectare,
864 2192 919 2226 enon
936 2177 987 2240 ipse
998 2178 1083 2237 frater
1101 2177 1167 2225 itlius
1183 2178 1227 2224 bne

121 2244 266 2292 nilamtnrus
276 2247 320 2304 est,
332 2242 432 2290 Cboereo
438 2257 448 2298 ,·
459 2242 574 2290 nutricem
585 2242 631 2290 init
641 2242 789 2301 necantem,
799 2257 853 2304 qooe
865 2242 1016 2303 Pamphilum
1024 2243 1149 2305 peronam
1159 2243 1227 2289 aluit.

123 2307 160 2355 Τιι
170 2308 228 2370 ipse,
240 2309 297 2356 bons
308 2308 337 2355 de
348 2306 483 2368 Pnsnpbilae
495 2306 587 2367 origine
603 2307 747 2368 inquiretur,
761 2320 866 2368 proesem
884 2306 1001 2356 intereris.
1035 2307 1088 2354 Cn.
1108 2307 1162 2366 Ego
1173 2320 1228 2354 nero

122 2371 259 2436 expectabo,
276 2371 332 2420 dnm
350 2371 462 2420 Cbremes
478 2370 517 2419 bic
535 2370 605 2421 adsit.
637 2371 691 2419 Ta.
712 2370 783 2420 Visne
796 2371 897 2434 interea,
911 2372 968 2419 dnm
983 2372 1005 2419 is
1021 2370 1065 2419 bne
1075 2371 1149 2434 redit,
1165 2370 1229 2418 domi

576 2529 759 2550 ”mun

123 2629 272 2692 nbintelligo
284 2645 375 2696 parum
394 2631 426 2680 ad
447 2631 604 2681 sententiam
622 2630 719 2680 faeere.
752 2629 860 2679 Scilicet
880 2643 931 2677 non
950 2628 1185 2690 animadvertebat,
1203 2630 1228 2676 in

124 2711 200 2745 sensu
212 2697 295 2745 latere
309 2697 362 2757 illa,
380 2697 424 2744 ‘Si
439 2703 465 2746 te
478 2710 580 2760 quoque
586 2697 643 2759 jam
655 2702 724 2744 amat
736 2691 864 2744 Chronos!
896 2694 936 2742 M.
951 2693 1008 2741 Tam
1020 2693 1057 2754 pol
1073 2693 1118 2740 tibi
1135 2693 1165 2742 ab
1183 2695 1229 2742 isto

125 2761 224 2809 cinerea
234 2763 362 2810 moenium
369 2760 485 2822 intelligo.
518 2762 570 2810 Ms.
582 2761 653 2824 Lips.
669 2761 728 2809 lions
736 2759 776 2823 pol
785 2759 814 2808 ab
822 2760 891 2819 istae,
901 2758 967 2819 ban,
977 2758 1104 2805 cavendnm
1115 2758 1230 2818 intelligo.

124 2826 208 2875 West.
244 2825 304 2875 Tum
316 2827 357 2890 pol
375 2825 421 2875 tibi
438 2827 467 2875 nb
485 2826 544 2888 isto]
565 2826 684 2889 Plerique
697 2825 713 2873 Ι.
724 2839 745 2875 s.
756 2824 834 2872 etiam
846 2822 945 2885 antiqui
957 2827 984 2869 et
996 2821 1116 2869 Donatus
1127 2822 1157 2869 ob
1172 2824 1230 2871 istoc

123 2889 237 2955 hebent:
256 2905 307 2955 quo
317 2890 422 2956 quidem
431 2891 508 2940 modo
521 2889 610 2939 melias
622 2897 675 2937 stat
686 2888 817 2936 senarius:
836 2893 881 2936 aut
900 2886 1047 2948 legendnm,
1063 2892 1091 2934 ut
1109 2886 1134 2933 in
1153 2886 1230 2934 Bern-

123 2954 196 3015 bino,
210 2957 337 3004 carendum
347 2969 405 3004 esse.
422 2956 469 3005 Fa.
500 2955 565 3002 Tres
577 2967 610 3000 ex
628 2951 722 3001 nostris
739 2951 882 3013 veterrimi,
898 2952 974 3013 paulo
996 2950 1095 3012 melius,
1115 2950 1176 2998 Tum
1191 2951 1231 3013 pol

124 3016 154 3066 ab
164 3019 224 3067 istae
232 3018 287 3080 tibi,
302 3019 368 3079 bero,
383 3020 512 3067 canendam
521 3018 641 3077 intellego.
652 3017 730 3066 Beut.
759 3016 802 3066 Ita
812 3015 875 3064 dant
885 3016 961 3064 Both.
973 3015 1034 3076 Bip.
1048 3014 1146 3076 Delph.
1159 3015 1230 3064 Perl.

127 3082 227 3130 Cbaerea
247 3096 294 3144 pro
314 3083 372 3131 bera
391 3080 479 3131 (ineis.
499 3085 588 3130 1.-46
604 3081 673 3146 Idem
689 3095 750 3130 nnnc
765 3095 808 3143 ego
826 3081 879 3132 Ms.
898 3080 970 3142 Lips.
990 3081 1127 3128 west-tr
1145 3079 1231 3142 Hujus

125 3160 217 3195 versus
234 3152 262 3195 et
281 3147 416 3211 sequentis
435 3146 483 3208 [se.
495 3161 532 3195 ss.
543 3144 596 3208 46.]
614 3144 730 3194 ordinem
748 3159 781 3193 ex
801 3145 818 3195 l.
836 3160 856 3194 s.
874 3158 898 3193 o.
918 3151 1113 3205 commutamus,
1129 3151 1169 3203 ut,
1187 3144 1231 3207 qni

125 3224 195 3259 nune
206 3210 277 3273 prior
287 3217 338 3271 est,
354 3211 388 3259 sit
401 3211 537 3274 posterior.
557 3211 601 3259 Fe.
632 3209 676 3258 Sic
687 3218 715 3259 et
726 3209 808 3258 nostri
819 3216 847 3259 et
858 3207 927 3258 Edd.
940 3215 1003 3257 vett.
1021 3209 1095 3256 Bent.
1131 3207 1183 3255 Hie
1193 3223 1231 3256 rs.

126 3274 210 3324 anteit
226 3276 339 3338 priorem
353 3275 402 3339 [ac.
413 3288 451 3324 vs.
462 3275 516 3338 46.]
536 3275 560 3323 iu
573 3274 639 3324 GM.
650 3275 696 3324 Br.
707 3273 775 3324 Pali.
793 3275 828 3324 al.
861 3273 899 3322 At
917 3274 962 3322 Fa.
981 3273 1076 3335 primus
1096 3272 1233 3321 constituit

126 3354 161 3389 ex
180 3340 199 3391 l.
220 3354 241 3389 s.
261 3339 387 3400 ordinem,
403 3352 480 3402 quern
499 3353 566 3388 nnnc
585 3338 715 3388 habemus.
732 3339 801 3388 Perl.
833 3338 895 3386 Fide
907 3337 1049 3388 narn-is
1067 3335 1118 3384 Hie
1142 3351 1232 3384 versus

126 3403 234 3467 Guyeto
245 3405 366 3453 insititiur
378 3403 490 3464 videtur,
507 3405 550 3454 sed
561 3411 658 3466 praeter
669 3403 803 3454 rationem.
823 3401 901 3453 Wesl.
935 3401 1022 3463 Cupio]
1039 3401 1137 3449 Omnes
1156 3407 1233 3464 quot·

127 3475 191 3533 qnot
201 3475 261 3518 sunt
272 3469 289 3518 l.
301 3483 322 3516 s.
333 3469 399 3530 capio
410 3468 520 3518 habent:
537 3467 615 3531 idque
633 3469 660 3515 in
675 3467 804 3532 aliquibus
820 3467 899 3516 etiarn
918 3466 1018 3515 Donati
1038 3464 1110 3513 libris
1131 3473 1188 3513 est:
1206 3466 1232 3513 in

128 3533 256 3598 aliquibus
266 3533 343 3596 sopio.
360 3533 406 3582 Fa.
440 3533 531 3582 Nostri
541 3532 620 3581 etiarn
633 3546 720 3581 omnes
730 3547 789 3580 eum
803 3530 869 3581 Edd.
879 3537 943 3579 vett.
954 3529 1029 3591 cupio.
1047 3529 1126 3578 Bent.
1157 3530 1232 3591 Capio

128 3598 185 3648 GC.
201 3598 335 3648 Peri-bb
356 3598 386 3648 Τ.
395 3597 450 3662 sip.
460 3598 519 3646 velit
529 3597 584 3646 ΕΡ.
604 3596 681 3648 West.
715 3597 854 3658 Distingue
864 3595 914 3643 hoe
924 3594 1017 3644 modo:
1035 3594 1124 3641 Tamen
1133 3592 1155 3640 si
1162 3600 1234 3657 pater

127 3661 194 3725 quib.
222 3663 274 3712 Cn.
290 3661 331 3712 Aa
341 3661 412 3723 nolet,
428 3661 557 3711 certeseia.
574 3662 652 3709 Bent.
664 3674 740 3738 quem
759 3660 876 3724 seqnitur
892 3659 965 3708 Perl.
982 3664 1010 3706 et
1026 3658 1065 3706 ita
1082 3657 1161 3706 Both.
1183 3658 1233 3705 nisi

148 3725 198 3774 uod
210 3725 256 3775 dat
267 3726 298 3776 Si
306 3731 376 3790 pater
386 3731 463 3775 tamen
474 3727 538 3788 qnid.
571 3725 625 3774 Ab:
640 3727 714 3789 qued?
728 3726 774 3774 ob:
791 3724 870 3775 hebet
880 3724 926 3772 Br.
957 3723 1028 3770 Certe
1039 3720 1129 3770 Guelf.
1142 3726 1233 3770 2.-52

128 3741 182 3839 litte
191 3789 327 3853 ipsesrater
338 3791 483 3840 Boin-rs
496 3791 599 3839 Pernam
607 3789 737 3853 Mettps.
751 3790 827 3840 West.
849 3786 997 3837 Accersitnm
1009 3787 1087 3835 Bent.
1099 3786 1195 3849 Delph.
1207 3792 1235 3834 et

130 3854 167 3904 sie
178 3854 225 3904 Br.
236 3855 281 3918 qui
292 3854 339 3904 dat
348 3855 370 3904 it
380 3869 428 3920 pro
438 3854 542 3905 itt-ot
559 3854 613 3916 Ipse
622 3854 660 3903 bie
670 3854 750 3903 alteru
760 3853 812 3902 Mo.
825 3853 897 3917 Lips.
913 3852 987 3899 West.
1021 3851 1065 3899 Sic
1076 3851 1123 3898 Br.
1135 3853 1234 3912 Delph.

128 3924 194 3968 -55
210 3918 282 3968 Visne
292 3918 382 3969 interea
389 3922 446 3969 dnm
456 3920 478 3968 is
488 3917 564 3980 venit]
582 3917 593 3966 l
597 3927 624 3967 ta
632 3919 709 3982 aliqui
718 3918 777 3967 libri
786 3917 892 3978 habent,
901 3915 980 3979 aliqui
990 3917 1114 3964 verodom
1123 3916 1188 3963 senit
1200 3916 1235 3962 is:

131 3997 190 4046 quae
201 3982 312 4032 variatio
321 3981 387 4034 facit
400 3990 430 4033 ut
440 3997 498 4033 eam
515 3983 654 4032 dictionem
665 3981 826 4032 subdititiam
837 3987 943 4044 putem:
961 3993 993 4028 eo
1009 3979 1093 4041 magis
1105 3980 1173 4042 quod
1186 3993 1235 4026 nec

129 4047 156 4098 in
166 4046 294 4097 Bembino
305 4055 355 4112 est,
365 4048 409 4098 ubi
421 4050 456 4098 ita
465 4049 572 4112 legitur,
586 4048 633 4098 Vin
643 4049 734 4097 interea
744 4049 800 4095 dnm
808 4045 882 4095 penit.
893 4046 940 4094 Fa.
963 4044 1054 4093 Nostri
1070 4044 1152 4105 Visne,
1165 4043 1233 4106 quod

131 4111 232 4163 melius.
248 4111 323 4175 Beni.
358 4112 431 4163 Visne
440 4114 485 4164 int.
504 4115 560 4162 dnm
577 4112 642 4162 venit
661 4113 706 4164 Br.
728 4111 806 4161 Beat.
825 4109 887 4175 Bip.
906 4109 977 4161 Perl.
989 4114 1017 4158 et
1036 4107 1113 4159 Both.
1127 4108 1171 4173 qui
1189 4106 1235 4156 dat
