2678 4694
362 309 598 364 ruonnronrs
621 309 703 365 scr.
718 314 743 364 1.
767 312 821 366 sc.
836 315 876 364 ιι.
1099 296 1165 365 928

72 452 265 517 Advorsum
281 450 451 521 stimulum
467 453 602 520 calcesl
648 455 716 522 Gn.
738 455 839 542 Coepi
855 456 1033 524 iisomuia·
1117 490 1124 501 ·

66 555 214 632 Facere,
230 556 371 639 obsequi
385 577 461 640 quse
476 557 609 622 vedent
652 558 724 625 DA.
747 558 852 624 Scisti
867 561 915 625 uti
928 559 1015 627 foro.

69 655 143 720 Gn.
166 657 292 722 Noster
306 658 386 722 mali
401 658 484 722 nihil
499 660 678 744 quicquam
692 661 813 744 primo.
856 661 928 727 Hic
939 661 1099 729 Phaedria
1118 663 1165 728 ab

69 756 243 822 Continuo
258 760 426 842 quandam
440 768 561 827 nactrrs
574 769 629 835 est
640 763 822 847 puellulam

71 858 339 927 Citbadstriam:
358 862 446 927 banc
459 881 570 931 amare
585 865 692 947 coepit
706 865 846 948 perdite.

69 961 124 1026 Ea
141 964 307 1027 serviebat
318 964 431 1028 lenoni
445 966 693 1047 impurissim03

70 1061 197 1146 Neque
211 1065 300 1147 quod
317 1065 448 1130 daretur
463 1069 652 1150 quicquam,
667 1069 701 1135 id
716 1077 867 1137 curarant
882 1075 1006 1154 patres.

69 1163 239 1234 Restabat
254 1167 347 1231 aliud
361 1167 456 1246 nihil,
479 1169 544 1233 nisi
559 1173 678 1236 oculos
693 1191 843 1255 pascere,
1120 1172 1165 1238 35

68 1267 212 1346 Sectari,
227 1269 261 1333 in
276 1269 390 1334 ludum
405 1271 539 1351 ducere,
556 1281 590 1343 et
604 1275 772 1339 reducere.

68 1367 148 1434 Nos
163 1370 263 1435 otiosi
277 1390 415 1454 operam
429 1372 591 1439 dabamus
607 1375 784 1441 Phaedriae.

69 1471 113 1535 In
128 1491 197 1555 quo
209 1472 284 1536 haec
300 1473 452 1540 discebat
465 1474 554 1553 ludo,
568 1495 613 1539 ex
629 1475 808 1541 advorsum
824 1477 855 1541 ei
868 1476 947 1546 loco

66 1687 232 1732 meast:
254 1697 309 1731 eum
316 1697 369 1746 qsae
378 1684 497 1733 stoliditas
509 1691 544 1734 est
553 1687 664 1736 adversm
672 1686 794 1736 staulam
803 1683 995 1748 cobesjscturel
1026 1686 1079 1738 Ge.
1098 1687 1165 1750 Cepi

64 1745 145 1796 mia
159 1747 243 1806 secere
263 1761 342 1796 eorum
361 1744 470 1810 arbitrio,
487 1765 573 1798 morem
587 1764 655 1813 quern
672 1754 758 1801 scibat
776 1766 868 1813 gerne.
902 1753 956 1802 ΒΑ.
972 1751 1046 1801 Scisti
1063 1756 1165 1815 tempori

65 1810 191 1860 Μῖνι.
217 1811 267 1860 Ge.
285 1811 374 1860 Noster
387 1810 496 1876 Ctesipho
505 1815 535 1862 oi
544 1815 615 1865 initio
624 1815 736 1865 nibinisi
746 1821 808 1867 recte
818 1817 918 1878 egebat:
928 1816 967 1866 iric
979 1817 1094 1866 Plsaedrio
1100 1816 1164 1875 illico

65 1876 185 1938 qaudam
193 1874 423 1941 paeiiomfidicirrcm
433 1883 517 1926 noctae
527 1884 576 1929 est:
592 1881 652 1929 bunc
665 1887 754 1944 preter
769 1883 862 1930 modam
876 1896 954 1930 umore
967 1882 1075 1946 prosequi
1087 1882 1166 1946 capis.
1193 1917 1198 1925 .

66 1940 107 1989 aa
118 1939 285 2001 estpotestate
296 1944 347 1989 erut
357 1941 488 2004 turpissimi
499 1942 603 2002 monis,
619 1960 690 2008 neque
702 1951 784 2009 potres
793 1947 962 1996 monuistis·
975 1947 1126 2009 prociderunt
1137 1949 1164 1996 st

65 2009 159 2053 uentus
174 2003 210 2052 isis
219 2004 459 2056 subministrarentur.
492 2007 564 2056 Nihil
573 2009 639 2058 aliud
652 2010 787 2074 Ctesipicsi
802 2016 930 2073 supererat,
941 2025 1009 2072 quom
1019 2012 1070 2060 cies
1081 2012 1165 2072 puella

67 2069 147 2118 oculos
157 2084 211 2117 suos
222 2069 344 2127 obiectare,
354 2085 445 2132 semper
455 2086 507 2120 earn
516 2074 590 2136 sequi,
600 2075 625 2122 irr
636 2075 738 2122 sobolom
748 2076 838 2134 decue,
848 2079 872 2123 et
879 2077 972 2123 domam
981 2075 1037 2123 iride
1046 2077 1162 2122 reducere.

69 2133 123 2183 Nos
128 2148 174 2197 per
184 2131 259 2182 otieris
270 2134 392 2183 Ptoedrioe
400 2135 586 2199 obsequedornar.
618 2138 643 2185 Ε
652 2138 750 2198 regione
761 2139 805 2186 loci
815 2138 841 2186 iri
852 2152 897 2200 qao
908 2137 1011 2187 discebat
1019 2139 1106 2201 puello,
1115 2139 1163 2186 sits

525 2292 706 2312 mo

66 2418 112 2465 tur
125 2410 202 2461 Dave
227 2408 300 2473 qussi
319 2409 511 2473 interloquenti.
544 2409 600 2459 Nos
621 2408 696 2459 Geta
716 2408 847 2458 reddinrns
866 2424 922 2470 sua,
938 2411 965 2459 iu
986 2408 1089 2474 quibus,
1104 2425 1161 2461 eum

65 2476 145 2526 sto
166 2443 320 2534 tribuantur,
337 2489 396 2522 mox
413 2474 515 2522 nerent
533 2473 648 2537 interpp.
682 2474 734 2522 Alii
752 2474 819 2522 enirn
840 2489 894 2524 nura
911 2489 963 2537 que
982 2483 1116 2526 verterunt
1135 2477 1161 2524 iu

65 2554 175 2603 mm,
189 2539 216 2588 in
236 2552 286 2603 quo
300 2537 460 2587 Prisciaunm
473 2544 616 2602 sequuntur
627 2539 718 2601 magis,
733 2552 808 2601 quam
821 2537 868 2586 Do.
880 2545 934 2587 tum
946 2539 1095 2589 desiderant
1106 2540 1164 2589 infl-

10 2659 13 2665 ,
64 2604 247 2680 uitisumpcst
264 2601 383 2651 ‘inscitia
402 2602 461 2652 est!
478 2603 511 2652 Bi
527 2606 599 2651 .-28
616 2602 736 2650 Aduersus
755 2600 916 2652 Guelf.l.2.
935 2602 1013 2651 Both.
1048 2603 1098 2651 His
1132 2618 1162 2654 ro

63 2668 97 2721 is’s
107 2666 156 2719 nr.
165 2665 289 2730 Rip-m
309 2667 416 2715 Puellam
427 2666 494 2715 Guel
509 2701 515 2715 .
529 2669 618 2714 1.-uu
635 2665 707 2713 Hunc
717 2666 873 2727 ornarecoepit
882 2666 982 2728 perdite.
1015 2665 1086 2715 citat
1120 2669 1163 2716 ba·

64 2733 143 2783 nisius
152 2731 198 2780 lib.
210 2745 242 2780 rr.
253 2745 305 2781 eom
311 2745 391 2780 aurore
401 2731 471 2792 coepit
479 2731 590 2794 perdite:
607 2731 652 2777 sed
664 2730 760 2791 legisse
771 2739 798 2778 et
810 2729 955 2792 scripsisse,
965 2745 1015 2778 eam
1025 2732 1108 2780 orden
1118 2746 1162 2781 ιιι·

58 2786 220 2862 pit'psrdite,
235 2795 381 2858 suspicatur
392 2796 423 2843 F.
436 2795 465 2844 F.
475 2810 507 2843 ex
521 2793 646 2856 subjectis
658 2793 767 2842 Charisii
778 2792 876 2842 verbis:
894 2794 977 2843 ‘Nam
990 2795 1028 2843 ita
1039 2793 1161 2847 drantius

61 2858 167 2915 Celsus.
177 2858 312 2922 Etsddit:
321 2858 428 2921 Antiqui
439 2859 506 2907 enirn
516 2857 640 2907 dicebant
649 2858 768 2906 ‘ardere'
779 2872 825 2921 pro
835 2856 968 2906 ‘ernare'’
984 2860 1036 2908 Do.
1046 2861 1161 2922 perdita

63 2916 179 2978 Codices
191 2925 312 2988 quidam:
329 2924 425 2986 occepit.
443 2923 588 2973 west-³⁵
606 2922 653 2988 Bc:
671 2920 732 2970 aiiii
748 2923 822 2973 uliud.
855 2922 901 2971 Nil
920 2923 999 2972 Beut.
1015 2924 1162 2988 Botb.Bip.

61 2990 205 3041 Pera-eo
222 2986 372 3038 Priscianus
387 2987 470 3036 lnstit.
484 2987 627 3036 Grammat.
640 2987 711 3049 legit,
721 2991 789 3050 utque
800 2988 932 3036 redducere.
945 2988 1027 3036 West.
1053 2989 1099 3038 Br.
1111 2988 1161 3036 dis·

62 3052 174 3118 tinguit,
189 3052 288 3110 »S'ectori¹
303 3054 329 3102 in
344 3053 526 3115 lodum,dacere
537 3055 592 3100 etr.
616 3051 695 3100 Bent.
712 3051 771 3113 Bip.
787 3051 818 3100 Z.
836 3053 1033 3107 redducere-di
1051 3050 1161 3102 Botlrius

60 3114 131 3183 regn
147 3118 200 3166 Nos
218 3119 266 3166 ctio
281 3118 466 3166 dabamus-dd
484 3116 517 3165 G.
528 3113 621 3163 Boend.
633 3122 660 3164 et
673 3115 724 3164 Ms.
736 3116 808 3178 Lips.
820 3130 877 3164 cum
889 3116 945 3164 ΕΡ.
955 3130 986 3164 err
996 3116 1109 3165 aduorso:
1123 3117 1161 3166 its

60 3182 263 3234 eructassem
272 3183 336 3230 citat
346 3195 377 3230 ex
389 3181 453 3231 Mss.
465 3180 562 3229 Xantb.
574 3188 601 3228 et
609 3179 748 3229 Uratislau.
766 3179 826 3228 Pur.
839 3179 931 3241 edidit,
941 3195 973 3228 err
982 3182 1080 3229 advorso
1090 3181 1161 3232 ῖῖῖῖιι.

62 3249 150 3298 West.
181 3247 223 3295 Ex
233 3248 357 3295 odrorsam
373 3245 396 3294 ei
412 3247 470 3295 ioco.
494 3245 567 3293 Bem.
579 3251 606 3293 et
617 3245 691 3293 multi
702 3245 744 3292 alii
756 3259 786 3292 ac
796 3246 848 3293 Do.
859 3259 890 3294 ex
899 3246 1013 3303 ιῖιινιος
1030 3246 1076 3293 sed
1088 3247 1162 3298 Bern.

59 3314 114 3362 boc
127 3311 247 3374 amplius,
258 3310 325 3373 quod
338 3311 425 3372 pro‚ei
441 3311 498 3370 leco,
508 3311 562 3359 iiico
574 3308 680 3358 habuit:
697 3308 765 3372 quod
777 3309 871 3358 deinde
883 3317 1009 3359 mutatum
1020 3310 1098 3359 estin
1110 3312 1163 3361 lec·

60 3374 167 3426 tionem
184 3376 328 3438 vulgatam:
346 3381 374 3422 et
393 3387 454 3420 sane
471 3374 522 3422 Do.
535 3373 611 3423 etiarn
622 3375 678 3422 iiico
691 3373 744 3436 legi
759 3372 885 3423 affirmat:
904 3389 1011 3439 esseque
1021 3373 1160 3424 dictionem

60 3457 97 3489 ex
115 3432 258 3488 abundanti
276 3437 400 3497 additam,
418 3444 447 3484 ut
466 3438 547 3486 mults
566 3439 633 3500 apud
645 3439 772 3487 Veteres:
790 3453 836 3487 uos
848 3440 912 3488 lianc
922 3441 1003 3502 ipsam
1015 3453 1105 3488 vocem
1115 3438 1161 3486 ob·

35 3508 41 3515 ‘
60 3496 226 3555 servarimus
241 3503 267 3551 iu
279 3501 414 3565 Adelphis,
430 3499 539 3563 positam
560 3515 607 3561 pro
627 3500 804 3548 additamento
820 3502 881 3565 loci,
897 3504 935 3551 its
945 3516 1002 3551 eam
1013 3508 1161 3565 exponente

59 3570 182 3630 Donato,
197 3566 303 3617 ‘Otiose
315 3580 383 3615 nunc
398 3565 453 3627 jam
465 3563 523 3612 ilico
538 3563 579 3610 bic
588 3566 702 3626 „consiste
713 3563 729 3611 :'
746 3577 820 3627 quam
833 3564 883 3612 vim
894 3575 921 3613 et
932 3564 974 3613 liic
985 3563 1081 3618 babere
1092 3564 1160 3612 arbi·

60 3643 172 3685 tramrrr.
193 3632 236 3684 Fu.
270 3631 471 3681 Excdaersoilicc
485 3626 797 3690 Torrstrirroerutquoedum.
829 3626 1013 3677 SicdeditFa.
1031 3627 1159 3681 Bembiuo

59 3696 224 3750 santarem.
257 3696 395 3745 Exodeerso
406 3703 459 3743 tres
477 3707 509 3741 ex
527 3691 622 3740 nostris
641 3691 755 3752 habent;
773 3705 860 3740 omnes
876 3692 899 3740 ei
917 3694 974 3741 locs.
1008 3691 1158 3750 Priscianus

60 3779 91 3828 p.
101 3765 159 3811 977.
175 3759 302 3812 ‘Quando
320 3757 486 3807 ‘adversum'
501 3755 531 3805 rb
551 3753 801 3818 trurrisrsignilicat,
817 3756 898 3818 inagis
910 3755 1059 3805 adverbium
1070 3764 1158 3805 osten·

59 3827 153 3887 ditur;
169 3833 199 3874 ut
217 3826 277 3873 Ter.
296 3825 321 3872 in
344 3824 447 3872 Pborm.
465 3822 512 3871 ‘Ei
531 3822 588 3870 loco
608 3823 776 3869 exadversum
793 3820 928 3870 Tonstrina
938 3828 996 3868 erat
1006 3819 1158 3883 qsiaedam.''

59 3891 139 3949 Idem
151 3905 178 3953 p.
190 3893 262 3938 10³⁷.
277 3887 470 3937 ‘Exaduersnm
480 3887 504 3935 ei
515 3884 586 3935 loco’
604 3898 649 3946 pro
661 3884 828 3935 ‘adversum'
854 3885 952 3934 Gellius
965 3898 1017 3934 vu.
1029 3888 1052 3933 7.
1065 3891 1072 3912 ¹
1083 3883 1114 3933 lu
1125 3899 1157 3939 eu

61 3954 134 4023 quod
146 3966 194 4003 nos
210 3951 412 4002 ‘exadversum’
429 3950 549 4014 dicimus,
560 3948 706 4014 (Annianus
723 3949 815 4015 poeta)
825 3950 963 3998 secundam
979 3947 1102 4012 syllabam
1113 3951 1159 3999 de·

60 4009 127 4075 bere
139 4017 197 4069 aeui
208 4016 374 4067 existimabat
384 4031 392 4075 ;
403 4017 522 4080 qnoniam
534 4028 585 4065 una
595 4027 644 4062 nou
656 4012 714 4062 dure
724 4020 811 4062 essent
821 4013 946 4062 orationis
959 4022 1062 4075 partes:
1080 4020 1159 4078 atque

61 4071 103 4135 ita
110 4074 234 4146 oportere
246 4081 314 4144 apud
327 4080 475 4129 Terentium
485 4080 548 4142 legi,
560 4078 672 4141 dicebat,
683 4078 707 4127 iu
715 4077 754 4126 bis
763 4077 891 4128 versibus:
902 4077 947 4127 ‘ln
955 4092 1006 4141 quo
1014 4078 1070 4128 bac
1078 4079 1159 4127 disce·

62 4150 111 4200 bat
122 4147 185 4199 lodo
196 4147 365 4199 exadversum
375 4145 432 4195 loeo
442 4145 581 4196 Tonstrina
598 4149 655 4194 esst
669 4141 821 4208 quedam.’'
852 4142 935 4193 Recte
950 4143 1053 4209 quidem
1062 4143 1157 4216 Annis·
