2678 4694
111 311 353 365 e.rsnnurn
378 314 530 364 nrnrrn
559 314 1060 370 usnnronrrn.nuonocns.
1106 304 1174 371 sta

101 459 289 524 Clitiphonem,
300 455 384 523 quiet
399 458 456 522 ipse
474 457 579 508 amabat
590 464 704 509 scortum
716 460 884 510 Bacchidem.
916 460 1003 510 Mittit
1020 461 1172 511 arcessitum

100 540 217 604 cupitam
229 537 391 601 Antiphilam
402 536 501 588 Clinia:
518 551 577 587 cnm
589 545 681 603 quaet
694 538 805 588 Bacchis
816 555 868 588 una
877 540 957 590 veuit.
989 541 1066 590 Hanc
1076 541 1175 590 adoles·

100 626 191 669 centes
201 618 293 668 Cliniae
305 617 414 668 amicam
425 618 546 668 simulant
558 619 615 683 Syri
627 620 737 670 technis.
754 619 890 682 Antiphila
901 620 933 669 ad
947 629 1056 670 matrem
1068 621 1174 671 deduci·

101 707 160 750 tur:
180 700 254 763 quns
264 699 401 748 occasione
412 698 493 762 Syrus
512 698 602 749 decem
618 699 698 749 minas
713 700 887 749 meretriculae
900 699 986 750 aufert
997 717 1013 750 a
1024 702 1173 752 Chremete-

99 779 205 829 Dehlnc
220 780 356 843 Antiphila
372 779 530 842 Clitiphonis
546 793 620 828 soror
638 780 780 843 reperitur,
792 786 820 830 et
831 780 923 829 Clinia
934 781 961 829 iu
972 796 1077 831 axorem
1088 782 1173 834 datur.

98 861 225 911 Chremes
240 860 399 910 Bacchidem
413 861 588 924 aClitiphone
603 862 683 910 amari
700 859 899 910 animadvertit:
917 861 1055 913 irascitur:
1072 862 1173 914 minita-

97 948 159 992 tur:
177 942 233 1002 sed,
245 948 273 991 et
285 941 442 990 Menedemo
459 941 623 1004 adhortante,
635 941 688 994 filio
706 942 835 1005 ignoscit:
852 947 881 991 et
892 942 967 991 aliam
979 943 1016 991 illi
1028 943 1073 991 dat
1083 944 1173 1007 conjn-

97 1037 169 1086 gem.
202 1021 234 1071 In
250 1022 333 1085 primo
351 1029 412 1071 actu
423 1021 508 1085 agitur
518 1021 551 1071 de
564 1021 747 1084 conjunctione
758 1035 860 1082 senum,
871 1022 970 1071 scilicet
981 1020 1132 1072 Menedemi
1143 1030 1172 1073 et

97 1102 261 1162 Chremetis;
280 1101 356 1151 simul
377 1107 405 1150 et
425 1101 460 1150 de
479 1100 640 1151 amicitiast
659 1098 837 1150 familiaritate
849 1099 1068 1161 adolescentium
1085 1101 1172 1167 inqua

97 1182 218 1246 Clitipho
229 1182 423 1232 ardentissimus
434 1182 590 1232 ostenditur.
622 1181 758 1232 Secundus
770 1189 845 1230 actus
863 1180 989 1243 continet,
1006 1180 1172 1246 quemadmo-

97 1262 159 1311 dnm
179 1261 359 1312 adolescentes
377 1261 473 1311 arnicas
490 1261 654 1326 receperint;
672 1263 747 1311 simul
764 1267 793 1312 et
808 1262 868 1325 Syri
884 1261 1007 1310 callidum
1024 1262 1170 1314 consilinm.

95 1343 204 1392 Tertius
216 1348 291 1392 actus
306 1343 431 1406 exprimit
448 1343 507 1406 Syri
524 1341 655 1393 fallaciam
674 1343 701 1391 in
713 1342 860 1402 Chremem,
871 1349 900 1390 ut
911 1342 1067 1392 Bacchidem
1078 1343 1172 1395 credet

96 1423 190 1472 Cliniae
201 1436 260 1471 esse
270 1422 388 1483 amicam,
399 1428 428 1473 et
439 1420 599 1486 Antiphilam
613 1423 750 1472 arrhaboni
760 1421 885 1471 Bacchidi
896 1422 1015 1470 relictam
1026 1436 1082 1471 esse
1093 1429 1170 1485 putet

97 1516 147 1566 pro
157 1502 356 1568 argeuto,qnod
368 1516 445 1552 sunm
466 1504 627 1553 Corinthiam
646 1504 778 1552 meretrici
795 1501 890 1552 debere
909 1501 993 1552 tinxit.
1028 1501 1060 1551 In
1076 1510 1170 1567 quarto

98 1589 162 1632 actu
182 1583 271 1647 agitur
290 1582 323 1631 de
341 1580 519 1647 recognitione
538 1582 692 1647 Antiphila,
709 1584 786 1633 etde
808 1582 954 1632 extorsione
971 1583 1082 1646 argenti,
1099 1581 1170 1648 qnod

71 1671 73 1675 ·
96 1656 226 1712 Bacchidi
234 1661 349 1727 Clitipho
361 1663 523 1726 promiserat.
551 1664 663 1715 Quintus
675 1671 748 1714 actus
760 1665 877 1714 continet
886 1663 998 1714 omnium
1011 1678 1096 1713 rerum
1109 1679 1170 1714 con·

96 1743 243 1793 versionem
257 1742 293 1792 ad
306 1743 436 1806 jucundos
448 1745 546 1809 exitus,
558 1745 689 1808 patefacta
700 1747 801 1796 cunctis
813 1746 961 1810 cognitione
974 1752 1123 1809 gestorum:
1141 1755 1170 1797 et

95 1821 314 1890 quemadmodum
325 1823 485 1888 Antiphilam
497 1840 603 1877 uxorem
617 1827 702 1878 Clinia
713 1827 833 1878 duxerit:
853 1827 968 1891 Clitipho
984 1840 1054 1889 vero,
1065 1825 1169 1876 dimissa

94 1903 242 1970 Bacchide,
252 1905 329 1955 aliam
341 1905 483 1970 acceperit.

483 2082 748 2098 m

416 2249 821 2326 PROLOGUS.

64 2372 139 2462 Nn
155 2397 213 2462 cni
227 2397 273 2463 sit
288 2402 431 2464 vestrum
446 2401 576 2478 mirum,
592 2419 653 2464 cur
667 2398 795 2482 parteis
810 2400 885 2463 seui

64 2498 176 2564 Polite
191 2499 332 2577 dederit,
348 2520 424 2583 quaa
440 2506 517 2564 sunt
532 2494 810 2577 adolescentium,

64 2599 104 2665 Id
118 2601 267 2685 primum
281 2603 410 2668 dicam:
433 2602 565 2679 deinde,
581 2601 671 2686 quod
682 2601 773 2678 veni,
784 2600 930 2682 eloquar.

64 2701 117 2765 Ex
131 2703 265 2784 integra
280 2703 412 2783 Graeca,
426 2706 590 2786 integram
605 2704 805 2768 comoediam

66 2801 184 2868 Hodie
202 2824 277 2868 sum
291 2812 439 2884 acturus,
455 2804 880 2881 Heautontimorumenon3

64 2905 205 2989 Duplex
220 2926 299 2989 qnae
313 2925 358 2970 ex
375 2916 568 2991 argumento
582 2904 673 2970 lacta
687 2905 730 2969 'st
744 2902 901 2990 simplici.

94 3091 135 3140 Ne
149 3091 204 3154 qais
223 3095 336 3153 nestmm,
353 3092 634 3154 umeroshumeros,
651 3106 693 3140 carr
710 3091 834 3140 Terentius
849 3094 928 3140 nomer
949 3087 1024 3137 Po'e'tn
1039 3088 1098 3137 mihi
1114 3089 1166 3138 seni

62 3156 154 3205 dederit
170 3156 273 3221 officinm
289 3155 406 3205 recitandi
416 3156 526 3216 Prologi,
542 3158 603 3218 qrrod
612 3157 670 3204 solet
674 3155 735 3219 ficri
750 3157 780 3204 nb
796 3154 992 3204 adolescentibus:
1009 3168 1104 3203 eorunm
1113 3155 1165 3216 pri·

63 3235 123 3268 mum
133 3219 201 3268 nohis
216 3221 320 3284 operiam
326 3238 336 3280 ,·
352 3220 436 3269 ἀιίιιιίι
446 3220 567 3278 enarrabo,
578 3235 650 3284 onore
661 3220 687 3269 in
697 3235 789 3269 scenam
799 3219 935 3284 prodierim.
969 3220 1024 3279 Ego
1035 3233 1087 3267 snm
1096 3216 1165 3267 hodie

63 3286 206 3332 recitaturus
221 3285 281 3332 hanc
300 3285 442 3334 Comoedr'um
459 3286 586 3345 integrum,
604 3286 749 3333 nominatum
765 3285 1052 3342 Heautontimorumenos,
1063 3284 1166 3331 transla-

64 3352 110 3396 tam
121 3363 153 3397 ex
162 3349 259 3410 integra
271 3349 358 3398 Groeco
370 3349 502 3398 Menandri
514 3350 641 3409 Cornoedia,
652 3349 779 3412 patefacto
789 3355 824 3398 est
834 3350 922 3412 duplex
933 3348 1057 3412 (nimirum
1073 3347 1128 3409 poio
1139 3346 1165 3394 t'n

63 3412 104 3461 hoc
116 3414 240 3462 Cornoedr’o
256 3414 301 3461 drto
316 3419 370 3462 sant
378 3412 547 3478 filii-familias
563 3418 688 3469 amotores,
706 3415 759 3462 dooe
775 3414 865 3474 amiota,
883 3415 928 3462 dato
946 3427 1021 3473 senes,
1032 3413 1077 3460 duo
1092 3411 1165 3470 aerei,

63 3491 110 3536 quc
128 3476 210 3525 cnudo
228 3478 256 3526 r'n
274 3478 408 3527 Menandro
426 3483 494 3526 mont
511 3477 640 3539 simplicia)
657 3493 688 3526 ea
704 3478 804 3541 simplici
821 3481 969 3540 argumento,
987 3477 1047 3540 qnod
1062 3474 1165 3538 pretate

63 3541 225 3605 Menedemus,
242 3556 267 3591 se
285 3542 363 3592 lohere
379 3549 403 3593 et
419 3543 498 3591 dolore
508 3555 636 3592 macerans.
670 3543 780 3592 Indicant
796 3546 902 3592 recenter
912 3556 961 3590 esse
971 3556 1002 3590 ex
1016 3543 1103 3589 Groeca
1114 3544 1165 3586 tro-

523 3668 705 3695 ”enmono

92 3756 106 3801 l
126 3751 158 3802 In
170 3751 237 3804 GM.
257 3751 325 3814 lego,
342 3752 429 3816 inquit
446 3751 517 3801 Perl.
528 3751 555 3800 ni
565 3751 694 3813 scriptura
704 3749 790 3813 fallor,
805 3751 995 3814 precipuos-2
1012 3748 1057 3795 Br.
1075 3747 1163 3797 odoles-
1231 3758 1234 3765 ’

62 3820 212 3866 antea-a
229 3816 287 3866 Viri
307 3817 475 3880 sagacissimi,
498 3816 543 3865 sed
567 3816 675 3864 audacia
696 3831 766 3878 saepe
788 3815 950 3879 praecipites,
969 3811 1115 3861 Palmerins
1136 3819 1164 3861 ct

63 3879 191 3945 (inpetus,
209 3881 312 3942 inverso
329 3880 419 3930 ordine
431 3881 536 3944 legante
554 3880 586 3929 Id
599 3881 676 3928 dicam
692 3881 789 3929 dende:
803 3879 907 3942 primam
923 3879 984 3940 qnod
994 3877 1047 3924 neni
1059 3877 1162 3939 eloquar.

62 3943 138 3996 Bent.
173 3945 218 3995 lta
237 3959 339 4011 quoqne
360 3945 496 3994 lectionem
518 3945 626 4006 Guyeti,
646 3943 691 3992 sed
712 3944 871 4007 improbans,
893 3942 957 3990 citat
977 3940 1045 3988 Perl.
1080 3943 1161 3990 West.

63 4013 147 4060 tamen
157 4009 257 4086 lnquit,
268 4016 275 4038 ¹
288 4009 403 4096 Reponit
414 4009 541 4072 (Myrtus,
553 4010 705 4084 &reanum
718 4016 838 4056 secutus:
856 4005 888 4055 Id
905 4005 995 4082 deinde·
1006 4006 1098 4055 diram:
1112 4008 1163 4072 pri-

63 4070 1072 4203 tttttffl‘ttt'siittttd'tnt..tzitttttlttttth
1089 4071 1162 4183 dli
