2678 4694
310 267 573 327 uouuruonnu
598 276 682 327 nor.
708 277 740 323 v.
764 279 815 333 ao.
840 279 899 326 ιιι.
1090 265 1156 330 m
1193 242 1198 249 ”

87 425 171 490 {odie
187 421 515 490 modo'hilarnm·fac
532 425 577 487 te·
622 421 692 487 Du.
715 420 759 486 Et
774 421 875 491 istam
890 422 1067 506 psaltriam
1131 440 1134 445 ·

88 547 135 591 na
149 527 228 592 illuc
244 544 375 591 mecum
389 524 465 593 bine
481 523 684 591 abstrabam.
728 523 794 589 Μι.
817 524 1037 608 Pugnavoris.

87 638 223 712 upaoto
237 647 389 711 prorsum
404 624 475 691 illio
491 626 641 708 alligaris
656 627 781 693 filium:

86 731 160 798 [odo
174 729 292 806 sonito,
308 729 453 795 utillum
468 748 595 797 serves.
640 728 710 793 Du.
733 730 806 812 Ego
821 730 909 796 istuc
925 731 1058 796 videro:

88 840 169 914 tque
185 832 245 908 ibi,
260 831 384 894 favillae
398 830 506 914 plena,
522 831 616 909 sumi,
632 850 672 895 ac
687 832 838 914 pollinis,
1110 835 1154 899 60

87 932 240 1015 oquendo
256 932 409 1008 sillano,
424 939 458 995 et
473 933 645 997 molendo:
669 940 793 1017 praeter
805 936 880 998 baee

87 1034 197 1099 Jeridie
208 1036 288 1117 ipso
300 1032 432 1111 faciam,
447 1039 487 1096 ut
501 1034 659 1117 stipulam
674 1036 831 1119 colligat:

87 1159 137 1207 run
152 1141 328 1203 excoctam
343 1135 492 1213 reddam,
506 1142 607 1219 atque
623 1144 740 1216 auam,
752 1158 853 1223 quarn
870 1138 972 1203 carbo
984 1136 1039 1203 ’st
1085 1138 1155 1207 Mt.

181 1238 213 1302 P
225 1243 320 1302 acet:

88 1363 154 1408 nno
168 1240 249 1406 midri
265 1340 376 1404 videre
393 1360 533 1423 sapere3
557 1347 656 1425 alque
671 1341 824 1426 equidem
840 1341 942 1405 filium

87 1538 146 1587 ιςιιε,
162 1524 185 1575 rt'
202 1523 268 1584 blot,
286 1522 409 1573 mando
425 1524 488 1572 liurrr
506 1524 569 1572 diem
582 1524 692 1572 hilariter
704 1525 832 1584 nordgoe.
866 1524 918 1572 Du.
937 1524 972 1574 Et
982 1525 1056 1573 istm
1064 1530 1154 1588 mm

87 1589 170 1638 irim
180 1603 268 1638 mm
275 1589 333 1638 ltine
342 1588 463 1637 ώιίιιιιιιιι.
496 1589 546 1636 Μι.
565 1589 710 1637 Proeelernm
726 1602 776 1636 rem
784 1588 893 1648 scurriet
909 1588 945 1637 lta
955 1589 1006 1638 illie
1016 1590 1100 1654 filium
1109 1592 1155 1638 ed·

87 1654 139 1702 urie
155 1659 225 1719 etque
241 1653 359 1717 affixeris:
374 1655 415 1701 sed
431 1654 487 1701 eide
502 1657 531 1701 ut
546 1652 614 1700 illm
629 1652 871 1700 studiosam-serres.
904 1653 959 1702 De.
976 1653 1047 1702 nuto
1057 1668 1153 1716 opernm

87 1716 211 1782 ΝΜ.
228 1717 338 1782 Efficiam
349 1722 375 1765 nt
386 1716 445 1776 illie,
457 1717 482 1765 in
492 1717 558 1776 oilla,
563 1716 667 1777 favillis,
673 1717 755 1775 firmo,
764 1730 792 1763 nr
799 1717 988 1778 pulneressru'm
997 1718 1152 1767 obtimam

87 1783 176 1830 tlentm
190 1783 315 1845 ωᾳιιοιιὼ,
328 1797 358 1830 nr
376 1783 497 1829 morano:
511 1788 627 1842 preterea
638 1781 733 1830 ardenti
743 1781 851 1828 meridiei
862 1781 919 1830 loru
929 1781 981 1845 ipen
995 1796 1047 1831 enta
1057 1783 1152 1831 mutum

87 1846 181 1908 ipram,
195 1852 224 1896 et
233 1847 334 1908 sapsas
343 1847 460 1906 rolligntt
476 1850 524 1892 tom
535 1850 622 1894 tantm
632 1859 684 1893 eum
694 1847 802 1902 reddum,
811 1850 835 1892 rt
845 1845 940 1906 nigrum
947 1862 1017 1911 quera
1027 1849 1096 1896 rarle
1106 1853 1151 1896 eet.

87 1907 362 1981 „tumultuarium
377 1915 423 1960 est.
457 1911 527 1958 illim
542 1915 568 1958 tr
580 1909 665 1970 judico
681 1925 731 1959 ease
750 1908 887 1972 rapientem.
912 1912 954 1983 ‚Et
972 1911 1154 1975 profertum

504 2037 685 2060 ”mm

87 2136 111 2187 ri.
127 2137 175 2188 Fu.
210 2137 424 2201 dampnantur
435 2126 472 2189 ibn
483 2137 546 2189 linc.
579 2138 618 2189 Μ.
637 2124 848 2189 Derroelreemen.
882 2137 926 2189 Sic
945 2151 961 2187 a
979 2136 1080 2189 Februo
1100 2145 1150 2191 ert.

93 2202 136 2253 vel
147 2201 190 2250 bie
201 2199 279 2251 facile
291 2201 470 2263 deprehendas
480 2202 634 2253 correctoris
648 2201 769 2251 Bembini
788 2203 935 2267 vestigium.
970 2201 1060 2253 Nostri
1078 2203 1149 2253 eodi-

87 2265 215 2315 »universi
228 2265 380 2324 eishabent,
400 2268 461 2315 Cum
478 2267 556 2328 primu
572 2269 623 2316 lure
634 2266 671 2316 ibo
688 2267 751 2316 bine.
783 2267 822 2317 M.
840 2267 915 2319 tamo
931 2268 961 2317 de
977 2270 1044 2319 nocie
1062 2281 1152 2327 emmo,

87 2345 133 2381 :em
145 2345 244 2381 vertum
258 2344 316 2396 oum
329 2329 377 2380 iate
390 2331 549 2393 intelligeret
563 2330 704 2395 longiorem
720 2331 793 2393 justo
814 2346 880 2390 esee,
897 2330 1000 2380 reduxit
1010 2330 1151 2385 adrenarii

88 2409 205 2457 neuram,
215 2393 344 2458 ejiciendo
356 2395 440 2444 Immo.
475 2396 564 2472 Atqui,
581 2411 596 2451 o
609 2398 668 2459 iste,
686 2395 750 2445 illud
762 2396 837 2445 Intnsa
847 2395 1011 2445 retinendum
1022 2401 1087 2458 erat,
1097 2411 1149 2463 quo

87 2477 90 2508 ι
101 2473 191 2509 carere
205 2465 293 2521 potest
301 2459 449 2519 seutentia3
466 2461 595 2523 ejicienda
607 2469 693 2510 autem
705 2460 742 2508 ibo
753 2460 816 2522 linc,
834 2461 927 2524 quibus
946 2459 1057 2508 libenter
1067 2471 1149 2511 caret.

87 2538 164 2586 pone,
183 2525 244 2572 Cum
252 2523 331 2586 primo
343 2524 398 2573 luci.
433 2525 469 2572 Μ.
486 2527 562 2573 [mmo
572 2527 600 2574 de
612 2531 680 2575 noete
690 2528 777 2574 c'ensro.
812 2526 901 2586 Longe
914 2524 998 2584 aptius
1011 2534 1038 2572 et
1050 2524 1151 2574 iracun-

87 2604 104 2637 ιι
117 2597 168 2648 est,
184 2597 213 2637 nt
223 2588 260 2635 ibo
271 2588 326 2636 birro
344 2588 571 2650 subintelligantur
591 2604 666 2652 quam
682 2589 868 2650 exprimantur.
902 2589 936 2635 Et
955 2587 993 2636 sie
1012 2588 1148 2638 Donatus:

87 2668 110 2701 nr
118 2655 197 2717 primo
207 2653 275 2703 tum:
289 2652 454 2709 ἀποσιώπησις.
466 2653 518 2700 lura
531 2653 632 2715 quidem
646 2666 714 2699 ntruc
725 2651 794 2714 apud
806 2652 937 2700 Donatum
948 2649 1083 2701 scribitur:
1101 2653 1149 2703 sed

87 2726 148 2767 :turn
159 2727 199 2768 est
211 2715 266 2777 luri,
284 2723 313 2765 ut
324 2718 407 2765 codex
420 2717 453 2768 G.
473 2716 585 2765 Fabricii
602 2715 642 2765 ute
660 2716 686 2763 in
699 2723 774 2765 textu
784 2715 885 2765 babuit.
917 2714 960 2764 Ita
972 2714 1148 2769 Charisianus

89 2795 157 2830 euna
176 2780 265 2839 laudat
283 2781 331 2829 luri
340 2780 490 2830 adverbium
502 2779 512 2828 i
523 2781 598 2829 litera
609 2780 787 2840 terminatum,
802 2785 831 2828 ut
848 2777 958 2828 ‘muniz’
975 2788 1004 2828 et
1021 2781 1058 2830 sic
1076 2797 1154 2845 saepe,

87 2846 115 2899 td
128 2847 268 2906 Plautum3
284 2860 413 2910 nunquam
426 2850 512 2893 utitem
524 2847 585 2894 luca.
602 2846 680 2895 Bent.
713 2843 790 2907 Vulg.
804 2845 865 2893 Cam
878 2842 955 2907 primo
966 2844 1020 2893 lucu
1031 2841 1070 2895 'vel
1088 2846 1149 2910 lact,

87 2910 166 2963 Bent.
177 2908 223 2961 sed
234 2909 292 2959 cod.
305 2911 335 2959 C.
354 2910 439 2959 Prima
455 2924 508 2958 rum
524 2912 584 2968 lure,
595 2909 700 2971 egregie
719 2910 848 2956 collocato
868 2910 947 2961 verbo
959 2907 1054 2977 Prima.
1070 2910 1149 2963 Both.

103 2972 156 3025 dat
175 2975 257 3025 Primo
275 2990 327 3023 rum
344 2973 399 3022 luci.
432 2975 508 3023 Immo
518 2977 547 3023 de
558 2978 623 3023 noete
633 2989 722 3023 censen.
755 2974 800 3022 Ibo
810 2972 1045 3025 lineoruittendum
1057 2985 1149 3039 censet

87 3056 106 3093 r.
118 3040 187 3097 ,cna
194 3039 273 3103 prima
284 3041 334 3088 lime
345 3038 383 3087 ibo
394 3038 457 3087 binc.
490 3039 529 3091 De
540 3044 606 3088 nocte
617 3053 696 3087 cerreto
708 3038 752 3087 Βι.
787 3040 848 3085 Com
855 3038 934 3101 prinae
945 3036 996 3087 luce
1008 3034 1075 3089 GM.
1088 3038 1147 3092 GC.

87 3102 102 3155 l.
113 3109 206 3153 5.-56
222 3104 293 3165 Lege
305 3118 337 3151 ex
350 3102 432 3151 tribus
443 3102 538 3153 nostris
550 3102 651 3153 bilnrum
670 3108 693 3150 te
703 3102 776 3162 snum·
797 3102 879 3151 reteri
898 3107 922 3151 le
933 3103 986 3162 sue.
1003 3102 1080 3155 Bent.
1100 3146 1103 3152 .
1116 3104 1148 3155 Tr

87 3166 254 3229 :Both'tp
267 3168 363 3228 Delpb.
376 3167 445 3218 Perl.
482 3167 569 3228 Testa·
581 3170 628 3216 Βι.
661 3166 778 3231 Hylnrurn
788 3164 977 3217 (tuella-ot
995 3164 1147 3221 Abestttlu

87 3226 253 3284 eodem.'-58
269 3232 377 3295 Legitur
384 3237 413 3279 et
421 3233 484 3289 illue.
493 3240 520 3281 et
527 3232 563 3283 illi
571 3229 763 3283 adverbialiter.
789 3232 903 3283 Videtur
914 3239 999 3283 antem
1010 3230 1095 3292 potius
1105 3250 1149 3287 rus

87 3296 125 3349 nli
144 3313 199 3355 ere,
209 3310 286 3360 quam
300 3295 447 3347 Psaltriam.
463 3297 539 3347 West.
569 3297 611 3347 lut
622 3296 701 3346 Bent.
711 3297 789 3347 Botlr.
800 3296 863 3360 Bip.
887 3296 992 3347 Prorsus
1002 3297 1040 3347 illi
1052 3300 1147 3363 Delpb.

87 3366 108 3413 a
167 3361 351 3410 obtueoidrro.
375 3360 480 3410 Viderit
500 3360 627 3425 (inpetus,
645 3361 687 3424 qui
705 3359 734 3409 rb
753 3362 807 3423 ligo
827 3371 983 3423 expunctum
1003 3364 1066 3423 vult,
1086 3378 1147 3421 uum

87 3426 156 3477 dero
167 3427 213 3475 'et
226 3427 234 3453 ‘
246 3423 356 3477 videris’
367 3426 423 3474 tine
436 3427 585 3487 pronomine
598 3425 730 3490 premisso
742 3425 856 3475 dixerint
866 3436 976 3477 veteres.
1001 3425 1070 3477 And.
1080 3442 1112 3479 ιι.
1123 3433 1147 3487 6.

96 3490 173 3554 ‘Ego
184 3491 349 3545 inmerente,
360 3497 390 3538 ut
400 3488 473 3549 fiant,
486 3489 590 3538 videro!
625 3491 709 3539 Plaut.
723 3490 804 3541 blera.
816 3504 846 3539 ιι.
858 3490 882 3540 3.
897 3494 953 3540 lll.
970 3490 1076 3543 ‘Istune
1091 3506 1146 3555 rem

87 3565 176 3607 »recte
187 3553 292 3605 videro!
312 3555 453 3606 wem-oo
471 3554 524 3614 Ego
533 3553 594 3605 intuo
604 3553 695 3615 videro,
707 3555 786 3616 Atque
796 3552 833 3602 ltu·
845 3554 940 3613 funium
953 3555 1031 3615 plena,
1036 3555 1111 3617 fumi,
1122 3563 1147 3619 et

87 3619 146 3677 leit.
170 3617 258 3669 Codex
269 3627 358 3668 noster
370 3617 521 3667 veterrimus
533 3633 589 3666 cum
601 3619 683 3666 altero
695 3619 788 3683 Regio,
799 3619 876 3680 Atque
895 3616 929 3668 tlt
941 3617 1047 3677 serilla.
1067 3617 1144 3671 'Cum

87 3680 131 3735 'em
143 3686 226 3735 ceteri
238 3699 326 3732 omnes
343 3683 457 3732 babeant
469 3684 506 3732 illi
519 3682 559 3730 vel
570 3680 630 3741 illie,
641 3696 799 3745 apponemus
813 3682 899 3744 potius
910 3682 988 3745 Atque
1018 3682 1079 3731 riori
1089 3698 1146 3747 ιρι·Ι

87 3787 91 3808 ,
106 3750 147 3803 ric
157 3759 186 3799 ut
196 3749 232 3799 At
242 3749 321 3812 priori
330 3748 417 3810 detur,
428 3762 471 3809 que
482 3747 627 3809 posteriori.
661 3748 713 3807 Ego
725 3748 787 3796 intur
797 3749 887 3806 nidero,
898 3753 969 3809 utque
1022 3748 1028 3760 “
1039 3748 1144 3808 fanilla.

104 3813 168 3863 alibi
186 3821 226 3862 ter
244 3812 397 3877 quaterque.
431 3811 518 3874 Atque
536 3812 584 3860 hoo
603 3812 679 3873 longe
698 3812 800 3872 melius,
820 3826 894 3922 qlrram
908 3820 942 3879 ‚ut
963 3811 1104 3875 secundam
1115 3816 1143 3869 in

87 3880 132 3929 tta
145 3878 324 3940 corripiamus,
343 3875 410 3940 quod
424 3876 527 3938 quidam
539 3875 613 3923 facit.
630 3876 702 3924 Brut.
737 3876 814 3924 Both.
845 3875 1006 3936 epitritum·
1023 3881 1047 3926 et
1065 3874 1144 3939 lta'st

87 3942 350 3994 mentiremur.
388 3940 489 3998 Videro;
506 3948 576 4003 nique
588 3939 627 3988 tlt
645 3938 741 4000 Delph.
775 3938 823 3987 lttt
840 3939 968 3988 ΕΜΓ-61
987 3940 1083 3990 Proeler
1101 3944 1145 3994 bue

87 4002 188 4058 'lb-bl
207 4009 268 4055 Par.
282 4019 328 4068 pro
340 4005 512 4066 mummulus.
529 4004 664 4052 Peri—63
677 4003 765 4052 Malim
776 4004 878 4052 Places:
895 4011 923 4051 ut
935 4018 1007 4066 saepe
1017 4006 1078 4055 alibi
1089 4008 1144 4060 bae

87 4079 236 4121 mutantur.
254 4071 328 4119 Bent.
361 4068 405 4117 Ita
417 4078 445 4116 et
464 4069 541 4118 Both.
566 4069 627 4128 Par.
644 4081 691 4130 pro
703 4081 756 4115 var.
767 4083 836 4130 qaum
846 4066 983 4118 carbonem:
999 4082 1049 4118 uon
1061 4081 1143 4122 reete.

87 4140 180 4188 ·t.-ot
196 4136 248 4202 lla.
260 4135 313 4184 Me.
324 4133 392 4184 Pell.
411 4133 475 4182 Tunc
487 4147 632 4198 perperam.
657 4131 805 4183 Dictionem
814 4137 883 4197 ntpar
894 4143 922 4184 et
932 4146 991 4198 que
1001 4145 1143 4202 sequuntur
