2678 4694
162 376 168 383 ,
197 293 264 362 896
571 308 602 356 ι.
625 305 808 356 τιιιιιιιιι
834 302 922 356 seur

198 453 290 520 Num
303 452 382 519 illus
394 470 512 530 errore,
526 461 561 518 et
574 461 609 518 te
625 454 723 521 simul
739 452 932 536 suspicione
946 449 1118 515 exsolves.

198 555 290 623 Bsc.
312 556 409 622 Perii
416 557 424 620 i
446 555 551 640 pudet
574 555 796 621 Philumenae.
849 553 1035 637 Sequimini
1055 573 1113 616 me
1136 550 1203 618 leue
1217 553 1288 618 inire

198 760 264 824 Im.
288 659 468 838 Quiindbeaesi,
483 759 572 843 qued
589 759 669 823 mihi
685 759 811 836 malim,
825 776 925 842 quam
942 756 1034 841 quod
1049 755 1133 820 huie
1156 756 1288 839 intelligo

199 963 248 1029 Ut
261 880 506 1048 gruiigmniiteeit
520 964 592 1026 sine
608 929 670 1027 suo
686 959 875 1045 dispendio,
891 962 1021 1024 etmihi
1036 914 1175 1044 prositl
1223 915 1244 1023 Ι.

196 1067 288 1133 Num
301 1068 340 1132 si
362 1073 427 1147 esi,
448 1072 487 1132 ut
507 1066 580 1131 haee
605 1083 691 1128 nunc
716 1063 927 1146 Pamphilum
953 1082 1031 1129 vete
1057 1065 1104 1126 ab
1133 1083 1172 1127 se
1195 1081 1290 1149 segre

324 1170 422 1252 gerit,
1240 1163 1290 1226 ,30

188 1341 257 1401 sulm
271 1338 387 1405 opinione,
399 1345 423 1389 el
441 1345 464 1390 lr
479 1338 618 1402 suspicione,
635 1353 705 1401 quum
719 1341 748 1387 de
765 1341 790 1386 le
805 1336 902 1399 miae
911 1336 982 1386 simul
995 1336 1120 1389 liiernbim
1153 1337 1209 1388 nu.
1225 1337 1292 1387 Perii.

196 1406 277 1456 Pudet
293 1420 329 1455 me
344 1410 441 1468 propter
459 1403 629 1462 Philumenam,
646 1403 788 1452 emrelestiu
805 1399 988 1463 consuetudinis,
1009 1414 1082 1464 m
1101 1416 1158 1451 euru
1180 1401 1292 1465 Popiil

195 1470 276 1520 initui.
302 1469 435 1534 &meum
445 1484 482 1517 me
491 1470 517 1518 is
527 1469 587 1518 iem
598 1470 699 1526 domurn,
711 1482 752 1515 sos
761 1467 924 1515 numdaeduoe.
957 1467 1007 1514 Le.
1026 1467 1096 1522 Quid
1111 1473 1148 1516 est
1158 1469 1219 1530 qrrstl
1228 1465 1293 1526 sugis

194 1540 272 1596 oplem
280 1535 339 1583 stilti
346 1535 458 1595 recidere,
468 1549 536 1596 quum
549 1535 609 1596 quod
620 1531 736 1581 Bacchidi
747 1532 837 1580 euenire
846 1532 913 1579 uideo
921 1546 931 1589 ;
947 1535 974 1579 ul
984 1545 1032 1579 utre
1042 1545 1118 1593 opere
1128 1549 1145 1579 s
1155 1531 1292 1592 megrrliss

194 1599 242 1647 eiii
257 1605 382 1662 comperet,
399 1599 449 1648 sine
465 1601 557 1659 domm,
575 1604 599 1647 ei
614 1597 673 1645 mili
688 1595 818 1644 utililulem
833 1593 931 1658 qffersq
941 1594 1045 1657 sriltique
1055 1595 1294 1657 commodamus&
1327 1626 1329 1665 ;

195 1664 273 1714 linsdo
283 1678 380 1713 uxerem
391 1662 526 1726 Pumpltilo,
537 1667 560 1711 ei
572 1661 689 1711 Sostrate
699 1661 749 1721 elus
759 1659 850 1711 metris
881 1659 976 1709 Numsi
986 1673 1068 1710 seren
1086 1665 1136 1724 est,
1150 1665 1179 1710 ul
1190 1659 1291 1724 Pam

193 1902 329 1968 ‘Uterque
340 1917 430 1952 versus
442 1901 593 1952 commodus
604 1911 632 1952 st
648 1905 785 1967 genuinus.
818 1901 962 1965 Pometios,
971 1907 1001 1950 ut
1011 1899 1052 1963 tit,
1061 1899 1092 1948 in
1104 1901 1182 1952 Brun.
1194 1907 1223 1952 et
1233 1901 1289 1951 inii.
1327 1942 1329 1968 ,

195 1970 226 2017 C.
239 1974 266 2016 et
277 1967 398 2017 Petrensi
410 1968 585 2026 emissusert3
620 1968 663 2016 uia
681 1969 713 2017 sb
724 1968 759 2017 As
776 1967 878 2028 eodem,
894 1980 945 2031 quo
961 1966 1041 2029 prior,
1060 1965 1148 2015 verbe
1158 1966 1290 2016 inchoetur.

194 2032 312 2096 Uterque
321 2046 412 2092 senex,
430 2040 459 2080 ut
471 2046 517 2095 pur
528 2040 593 2085 erat,
602 1983 682 2080 idem
694 2033 759 2081 lrrue
771 2031 896 2080 Bacchidi
908 2032 989 2088 dunt3
1006 2039 1035 2080 et
1046 2029 1133 2093 magis
1144 2031 1290 2094 Phidippus,

194 2097 239 2159 qui
257 2097 291 2145 ibi
308 2095 496 2157 paterfamilias
508 2102 557 2144 est.
575 2095 649 2144 Beni·
674 2097 758 2146 Deest
768 2110 858 2144 versus
871 2096 897 2144 in
915 2096 946 2143 B.
970 2095 1034 2142 Item
1045 2094 1194 2144 inseruisse
1203 2096 1291 2156 jore-

193 2162 317 2223 cogsorist
329 2160 407 2210 Botlt.
423 2158 547 2220 cognorint
563 2159 622 2219 Bip.
635 2161 773 2211 Peri—26
787 2161 853 2209 Vise
871 2173 926 2208 sum
943 2166 985 2207 est
1004 2159 1098 2207 nouam
1115 2159 1142 2207 iu
1155 2161 1202 2207 Br.
1212 2157 1290 2210 Gueli.

194 2230 218 2274 l.
230 2226 295 2275 GM.
308 2224 370 2274 Hui.
394 2219 454 2273 nlius
465 2239 479 2272 e
492 2238 531 2286 pr.
543 2238 576 2271 nr·
588 2223 675 2273 Guelf.
685 2228 710 2272 s.
733 2225 803 2273 simrd
814 2240 892 2273 errore
903 2221 991 2272 Guelf.
1003 2226 1028 2270 2.
1053 2223 1130 2272 simul
1141 2229 1165 2273 le
1176 2223 1262 2274 Gueli.
1272 2228 1290 2272 1.

194 2290 241 2338 Br.
255 2296 263 2318 ⁴
275 2291 357 2338 evelles
373 2289 424 2338 Ms.
444 2286 486 2336 lt!
503 2288 640 2336 liud-et
658 2289 736 2338 Pudet
747 2303 783 2336 me
792 2288 857 2337 GM.
867 2295 894 2336 et
911 2288 992 2336 ‘Mes
1004 2294 1033 2335 et
1043 2287 1112 2337 editi
1124 2289 1231 2352 quidum
1243 2295 1289 2351 prul

194 2352 259 2401 Ep:
279 2354 354 2402 Wesi.
387 2353 466 2400 ‘Non
478 2358 577 2399 temere
595 2359 644 2414 est,
660 2353 730 2416 qnod
749 2367 798 2401 nee
809 2354 884 2402 Bem.
900 2366 949 2400 nee
966 2352 1037 2400 Don.
1047 2350 1149 2402 hubent
1159 2352 1289 2402 dictionem

192 2417 237 2466 leue
246 2431 255 2472 ,⁰
271 2416 365 2478 aliique
381 2415 450 2477 libri,
461 2414 504 2478 qui
516 2429 571 2462 eum
583 2415 688 2476 liabent,
705 2416 799 2480 purtim
817 2416 922 2466 dictioni
939 2415 1004 2464 istro
1018 2426 1187 2478 preponunt,
1205 2417 1286 2479 pertin

191 2485 370 2544 postponunt;
387 2494 419 2528 ex
432 2493 482 2542 quo
493 2486 613 2541 sppsret,
630 2487 659 2530 ut
670 2481 841 2538 subdititiam,
852 2488 1019 2530 eertumesm
1029 2481 1118 2530 locun:
1128 2496 1180 2530 nou
1193 2482 1289 2530 habere:

190 2557 333 2608 pronomen
345 2559 408 2593 vero
419 2559 456 2592 me
466 2553 517 2591 uon
530 2549 589 2606 pest
599 2545 732 2607 sequimini,
747 2545 794 2593 sed
814 2553 885 2607 unte,
902 2545 981 2592 hubet
991 2544 1068 2593 Bem.
1081 2546 1127 2595 ulii
1140 2547 1213 2608 libri,
1228 2556 1254 2594 et
1269 2546 1288 2593 ii

193 2610 351 2671 complures,
369 2616 397 2657 et
413 2614 484 2671 ente,
500 2615 528 2656 et
544 2607 726 2671 posthabent:
744 2622 819 2671 quum
829 2615 856 2656 et
867 2621 952 2656 uerum
965 2608 1081 2658 arbitrer
1093 2611 1242 2671 lectionem,
1252 2611 1287 2658 de·

192 2680 278 2723 traete
288 2673 411 2722 adverbio
419 2673 472 2722 duc.
490 2673 535 2721 ra.
560 2673 639 2733 Perii,
645 2675 718 2750 pudel
730 2672 878 2722 Pluinma
888 2686 940 2719 me.-
956 2673 1083 2734 sequimini
1093 2689 1132 2722 me
1141 2676 1208 2723 istro
1218 2676 1287 2724 suls.

190 2738 235 2787 Sie
250 2738 322 2787 dedit
340 2737 465 2787 Fuiirnus.
498 2737 550 2785 Sed
570 2744 653 2787 nostri
673 2737 786 2787 universi
797 2737 842 2785 lure
851 2735 956 2785 liabent.
989 2735 1113 2798 Repone,
1132 2739 1211 2798 Perii,
1229 2741 1288 2802 pudd

192 2803 355 2851 Philumene:
371 2817 412 2851 uos
422 2802 547 2865 sequimini
557 2801 622 2850 iutro
632 2804 676 2850 ltus
685 2801 766 2851 «mle.
798 2801 841 2850 Sis
852 2799 1027 2864 ‘Sequimini'
1045 2801 1171 2852 absolute
1185 2805 1248 2852 Euu.
1257 2818 1287 2851 ru.

192 2870 215 2918 l.
226 2871 253 2918 2.
269 2872 297 2915 et
314 2867 392 2915 Phor.
405 2880 437 2915 ιι.
449 2870 474 2916 t.
485 2870 509 2914 8.
535 2867 606 2915 ‘Vos
624 2864 779 2930 sequimini,'
795 2874 825 2915 ut
845 2867 911 2914 Eun.
922 2879 965 2914 ιιι.
977 2869 1002 2914 2.
1015 2868 1056 2914 5³.
1075 2879 1129 2914 uu.
1139 2872 1165 2916 ὓ.
1176 2872 1218 2918 46.
1252 2868 1287 2916 Vm

190 2932 361 2994 potiusquam
374 2932 434 2987 Me,·
450 2938 480 2980 ut
490 2931 516 2978 in
531 2944 630 2979 eaesura
641 2931 789 2994 ambiguum
801 2928 933 2979 evitetur!
950 2930 1026 2978 Beni.
1060 2931 1108 2978 Me
1117 2933 1241 2994 sequimini
1251 2933 1287 2980 lli.

129 2995 132 3002 '
190 2996 316 3059 uqtdmisi
326 3011 362 3044 me
372 2996 489 3045 iutrslme
498 2995 577 3044 Beth.
590 2997 671 3045 tacite
682 3013 688 3042 ε
701 3003 729 3044 et
737 3009 798 3043 sene
808 2996 872 3043 istro
882 2994 928 3043 que
939 2993 999 3042 libri
1010 2993 1121 3057 quidam
1134 3004 1205 3046 teste
1218 2998 1287 3044 illest.

189 3066 255 3109 -28
273 3062 320 3109 llle
330 3061 391 3109 elius
402 3060 441 3109 bis
452 3059 542 3110 Guelf.
556 3064 645 3110 1.-29
666 3061 720 3108 Usu
729 3058 817 3123 prosit]
839 3058 965 3120 Densius,
980 3058 1056 3106 Bem.
1069 3059 1134 3108 Bas.
1151 3069 1181 3110 et
1198 3060 1255 3110 Vst.
1265 3067 1287 3108 et

189 3126 308 3187 plerique
319 3125 361 3172 ulii
381 3139 431 3172 non
443 3123 540 3173 habeut
550 3139 605 3173 uua.
623 3124 691 3189 quod
709 3132 737 3173 et
759 3123 859 3184 respuit
870 3137 969 3171 uersus.
987 3123 1035 3173 Fu.
1068 3124 1134 3173 Duo
1145 3132 1246 3174 tuntum
1260 3139 1286 3172 ex

190 3189 285 3237 nostris
296 3189 396 3237 addunt
416 3203 471 3237 une.
505 3187 555 3236 Sed
569 3187 628 3237 vide
650 3189 719 3250 ipsos
733 3202 831 3248 versus,
841 3188 907 3243 Quid
916 3189 1026 3248 estquod
1043 3187 1217 3251 miliimulin,
1228 3202 1286 3252 ques

190 3255 249 3314 quod
265 3252 320 3298 leuie
336 3253 445 3312 intellego
463 3252 562 3306 evenire,
578 3254 612 3300 Ue
630 3253 736 3313 graiium
745 3254 811 3300 ineat
829 3253 880 3301 sine
895 3266 936 3299 suo
952 3251 1089 3312 dispendio,
1101 3256 1126 3299 et
1136 3253 1200 3304 mist
1212 3254 1287 3317 presit.

190 3314 260 3366 Quid
271 3316 318 3362 hoe
336 3318 391 3362 est?
422 3317 486 3370 Quid
497 3315 556 3362 milti
566 3315 655 3375 umlim,
665 3331 735 3378 quum
745 3321 772 3363 ul
782 3316 837 3363 sins
854 3329 899 3363 suo
910 3314 1049 3375 dispendio
1063 3315 1127 3365 stilti
1135 3319 1214 3378 prosit
1223 3332 1286 3368 urete-

188 3375 261 3428 iris?
294 3379 385 3438 Immo,
398 3379 486 3441 eredo,
498 3380 539 3426 uel
556 3393 615 3426 eum
634 3380 745 3428 maximo
756 3380 911 3440 meretricis,
922 3393 998 3442 quum
1016 3379 1097 3429 modo
1114 3396 1200 3444 ungue
1221 3383 1287 3446 pejus

188 3445 288 3502 oderat,
297 3443 429 3505 dispendio
441 3442 466 3491 id
480 3443 528 3491 sibi
540 3450 615 3505 optet
625 3458 714 3493 senex.
747 3444 877 3504 Donatus,
889 3457 969 3506 prum
979 3443 1096 3493 lectione
1104 3445 1234 3508 irretitus,
1245 3461 1286 3509 quo

189 3523 280 3559 nense
293 3509 393 3557 versat?
426 3509 580 3570 Repouo‚re
596 3509 653 3572 ipsu
671 3523 713 3557 me
734 3521 766 3556 eo
785 3507 908 3568 ducente,
920 3507 985 3563 Quid
999 3513 1038 3557 est
1054 3509 1118 3558 milti
1134 3513 1198 3572 quod
1214 3513 1286 3560 malis

188 3591 257 3636 quem
272 3575 332 3637 qiud
347 3573 400 3623 luuie
414 3572 524 3635 intellego
538 3574 647 3623 eveniret
667 3575 701 3623 Ue
716 3573 823 3634 gretiam
832 3573 910 3622 iseum
926 3572 978 3621 sisse
994 3586 1044 3621 mes
1054 3574 1195 3637 dispendio,
1206 3574 1286 3625 einiii

186 3641 284 3703 prosim.
319 3639 385 3694 Quid
405 3643 449 3700 esi,
461 3639 557 3703 inquit,
640 3638 705 3687 Mili
721 3638 812 3694 malim,
828 3653 898 3699 quom
914 3641 942 3685 td
956 3636 1064 3698 gretiam
1082 3639 1286 3704 memmimqssl

189 3704 256 3753 Huic
265 3704 357 3752 semite
374 3703 493 3764 intellego.
526 3703 559 3750 Vi
580 3717 617 3763 es,
628 3703 728 3765 opinor,
740 3702 893 3752 sententium
911 3702 1027 3760 elsrsm;
1044 3708 1074 3749 et
1085 3717 1139 3752 uns
1151 3705 1284 3768 vidsqquo

188 3775 265 3830 pecto
276 3768 403 3825 evenerit,
414 3775 442 3816 ut
454 3767 662 3829 interpolaretur.
697 3767 761 3816 Cum
771 3766 839 3828 euim
851 3765 926 3827 Huic,
936 3765 1004 3829 quod
1018 3779 1082 3815 vero
1092 3769 1189 3821 ordine
1198 3777 1284 3832 postre-

188 3847 257 3882 mum
278 3841 327 3896 est,
338 3834 364 3881 iu
383 3832 468 3883 medio
480 3832 590 3893 veniret,
608 3846 639 3880 eo
659 3829 763 3893 decepti
781 3830 893 3881 {librarii
915 3844 1040 3892 personas
1054 3832 1154 3894 primns
1167 3834 1249 3883 lueres
1262 3839 1284 3881 et

187 3897 245 3946 Meo
256 3899 383 3948 intertius
395 3903 567 3946 mutarerunt.
585 3897 658 3946 Beni.
675 3897 794 3946 ‘Nescio
810 3908 842 3942 an
857 3908 921 3955 opus
933 3895 968 3944 sit
985 3894 1285 3949 Bentleiieorreetioue'

189 3961 223 4008 ll.
243 3961 279 4008 D.
304 3963 434 4012 ‘Codices
454 3960 556 4026 quidum
567 3977 574 4010 ι
586 3961 658 4010 mim
674 3976 722 4010 una
738 3959 830 4024 prosit:
845 3958 914 4022 quod
936 3973 1027 4008 versus
1047 3963 1161 4024 respuit.
1194 3963 1283 4025 Tansq.

188 4024 280 4085 Faber,
291 4027 397 4091 ejusque
414 4026 467 4075 filis
482 4026 560 4075 Anna
572 4025 704 4087 Dseierle,
717 4025 769 4074 Sili
782 4025 873 4086 prosis:
891 4023 1036 4073 scilicetne
1054 4025 1159 4077 Laches
1176 4027 1216 4077 bis
1226 4027 1283 4079 idem

188 4087 270 4148 dieat,
282 4093 355 4150 qussi
368 4107 428 4141 vero
445 4092 487 4155 qui
500 4090 609 4154 gretiam
626 4091 660 4140 ab
675 4093 757 4140 altero
777 4089 834 4142 init,
845 4088 935 4136 eedem
955 4102 1036 4152 opere
1053 4104 1108 4139 non
1126 4091 1177 4143 sibi
1190 4088 1285 4156 *prosit'i

192 4152 264 4203 West.
282 4154 347 4203 Mili
364 4156 389 4206 in
402 4172 439 4207 vs.
451 4160 492 4207 28.
504 4155 576 4206 delet
586 4156 727 4207 Belin-8⁰
748 4152 870 4216 Virginem
886 4168 956 4216 quem
966 4153 1061 4206 omisso
1075 4154 1253 4211 seseieGueli·
1264 4160 1285 4204 l.
