2678 4694
115 303 180 371 828
436 328 441 337 ·
490 318 521 364 e.
544 313 726 364 rnuuuru
751 315 839 364 sous

118 462 198 527 Hoc
223 461 253 526 si
275 460 444 525 rescierit:
465 478 507 524 co
523 458 658 522 domum
672 455 789 521 studeo
804 456 891 534 baec,
914 455 1009 539 prius
1025 475 1131 539 quam
1145 454 1208 533 illc,'

137 596 140 601 ·
413 607 422 626 .
1168 558 1205 622 20

117 664 229 728 Pius.
245 560 445 741 ῗιῐοῖιῖθεῗῒοῐ
459 659 667 743 diligentiam
682 664 826 723 vostram
842 665 876 722 et
889 658 1134 740 benignitatem

118 765 231 846 Novi3
253 772 286 832 et
300 786 377 851 quae
392 766 489 841 dicis,
504 763 618 829 omnia
632 781 718 838 esse,
741 768 778 825 ut
793 761 891 837 diois,
908 762 1054 824 animum
1072 760 1204 824 induco:

118 865 161 929 Et
175 872 207 930 te
222 866 287 930 hoc
299 867 380 930 mihi
394 867 494 949 cupio
509 863 664 929 credere:
689 862 780 925 illam
797 863 839 926 ad
856 881 917 925 vos
933 861 1040 925 redire
1056 861 1179 924 studeo.

118 965 156 1031 si
178 966 290 1033 secere
311 967 437 1050 possim
460 967 529 1030 ullo
551 965 664 1029 modo.
708 963 775 1026 Ls.
797 961 886 1041 Quae
908 983 961 1029 res
985 968 1017 1027 te
1044 962 1152 1026 facero
1174 962 1204 1024 id

247 1068 425 1151 probibetl

117 1167 207 1234 Ebu!
225 1188 302 1232 num
318 1169 477 1253 quidnam
493 1171 635 1233 accusat
649 1167 781 1230 viruml
825 1166 938 1230 Puro.
956 1165 1122 1248 Minime3
1137 1186 1205 1229 num

247 1276 426 1354 postquam
443 1269 570 1335 attendi
1085 1314 1089 1320 .
1167 1269 1204 1330 25

120 1371 244 1452 Magis,
262 1372 343 1436 etri
358 1371 449 1453 coepi
463 1389 592 1453 cogere,
608 1375 645 1434 ut
659 1369 794 1445 rediret,
809 1375 924 1434 sancte
940 1369 1086 1453 adjurat,

119 1472 200 1537 Non
215 1492 317 1555 posse
331 1472 421 1555 apud
434 1492 494 1536 vos
510 1471 689 1554 Pamphilo
705 1491 741 1535 se
758 1473 896 1536 absente
912 1473 1109 1554 perdurare.

119 1669 213 1703 samam
222 1653 299 1704 labero
307 1655 371 1703 omui
380 1655 468 1715 studio,
483 1659 509 1703 ut
522 1654 663 1704 Philumena
678 1655 745 1718 prior
755 1655 785 1702 ad
795 1654 858 1702 ades
872 1658 967 1701 aomar
981 1654 1075 1716 redeat,
1090 1669 1159 1716 quara
1167 1655 1208 1704 iile.

120 1719 175 1766 Pu.
191 1719 290 1780 hebes,
306 1724 330 1767 et
347 1719 495 1768 sedulitatem
514 1725 624 1780 sutram,
639 1724 664 1767 et
680 1719 847 1780 benignitatem
858 1723 999 1780 compertam
1009 1717 1092 1777 babeo,
1108 1724 1131 1766 et
1142 1721 1208 1767 ouria

119 1783 250 1845 quadus,
266 1787 330 1830 certa
346 1788 370 1831 et
380 1797 435 1831 reru
447 1797 494 1832 esse
512 1784 571 1831 mibi
585 1785 728 1845 persuadeo:
744 1782 909 1843 esseorum,
925 1782 968 1829 boc
985 1782 1047 1830 mibi
1062 1785 1159 1833 credw
1172 1784 1208 1831 itia

119 1850 148 1894 ut
157 1846 250 1895 doraum
261 1852 326 1895 taam
336 1850 478 1905 reuertatur,
486 1861 523 1894 me
533 1862 626 1908 operam
637 1848 702 1906 dare,
712 1847 733 1896 si
743 1849 791 1895 ulia
802 1847 893 1895 ratione
903 1848 929 1892 id
937 1847 1029 1909 efficere
1038 1848 1137 1896 salem
1168 1849 1209 1896 Lr.

122 1909 182 1965 Qua
193 1924 230 1958 res
242 1915 265 1959 te
276 1911 317 1958 boc
329 1908 412 1969 facere
429 1911 543 1972 impedit?
560 1911 629 1972 *aaa
648 1927 679 1960 aa
693 1912 735 1960 illa
752 1910 851 1971 aiicrrius
868 1912 941 1970 eulpoe
951 1910 1030 1958 mrum
1040 1925 1109 1960 uum
1118 1908 1208 1973 arguat

121 1972 174 2029 Pu.
192 1973 305 2031 Nulliss,·
322 1989 376 2022 uam
386 1974 426 2022 ubi
436 1989 486 2023 rem
494 1974 632 2036 diligentiae
642 1976 794 2037 considerari,
809 1982 833 2024 et
844 1976 868 2023 ri
878 1988 1003 2036 aggressus
1017 1989 1071 2022 sum
1081 1989 1141 2037 αιιιι,
1156 1981 1180 2024 ut
1188 1977 1208 2022 ir

120 2041 186 2087 tuam
195 2040 286 2088 domum
296 2043 462 2103 reverteretur,
477 2039 528 2102 ipra
539 2040 648 2102 religiose
651 2041 724 2101 jorot
733 2055 758 2090 se
769 2054 814 2089 sorr
823 2053 888 2102 posse
900 2041 963 2102 opud
979 2052 1019 2086 sos
1035 2054 1081 2102 per
1089 2039 1209 2090 abeestiss

121 2295 184 2345 ritir
198 2295 301 2344 latim
309 2295 409 2344 credam.
443 2294 575 2344 Credisne
590 2296 656 2347 bunc
667 2302 801 2346 accentum
818 2294 849 2344 ab
867 2300 974 2344 auctore
992 2307 1061 2357 esse,
1073 2309 1133 2344 cum
1148 2296 1210 2344 nullo
1249 2284 1251 2337 Ι

121 2361 226 2422 negotio
236 2359 312 2408 aliter
323 2359 427 2421 potuit?
461 2361 542 2422 Neque
552 2361 608 2409 odeo
618 2363 678 2408 clam
693 2375 730 2408 me
741 2365 862 2422 est,quam
872 2374 921 2409 esse
931 2373 985 2407 ιιιιιι
998 2360 1106 2408 maara
1114 2361 1210 2422 crwiter

120 2425 222 2473 credaut.
254 2421 305 2472 Sed
319 2422 378 2486 quid
391 2421 467 2471 sodes
477 2423 540 2472 illud
559 2425 698 2483 est,‘Nou
710 2425 775 2473 clam
786 2439 827 2473 me
838 2424 976 2486 est,¹qrram
986 2423 1118 2472 credam?
1150 2426 1210 2475 Quo·

121 2487 199 2536 modo
220 2486 288 2534 Clam
300 2487 323 2535 ei
343 2501 399 2534 esse
419 2487 507 2548 possit,
518 2487 578 2550 quid
598 2488 655 2550 ipse
675 2489 779 2537 Credat?
796 2489 879 2537 Recta
898 2494 954 2535 erut
971 2487 1081 2548 locutio,
1095 2489 1210 2539 Nescius

122 2567 158 2601 rue
179 2556 223 2612 est,
236 2565 308 2614 quam
324 2551 433 2613 graviter
448 2553 540 2601 laturus
560 2552 607 2600 site
625 2556 653 2600 ut
674 2552 738 2600 infre
760 2565 798 2601 ιν.
820 2558 843 2601 1.
865 2554 919 2599 62(
937 2553 945 2578 ‘
961 2551 1021 2600 Non
1040 2553 1135 2615 edepol
1153 2557 1208 2601 clau

120 2624 223 2678 maest,
244 2622 272 2664 ut
284 2608 325 2664 bic
343 2615 440 2677 lstrrrus
459 2616 508 2666 boc
527 2615 577 2664 sit.'
591 2624 618 2664 et
633 2615 702 2666 And.
714 2630 735 2667 1.
746 2621 770 2665 b.
782 2619 823 2664 62.
840 2616 921 2664 ‘Non
938 2615 1005 2664 clam
1027 2623 1055 2664 te
1074 2624 1126 2678 est,
1142 2633 1208 2682 quau

121 2688 240 2744 utraeque
260 2693 301 2728 res
321 2679 397 2728 utiles
419 2680 489 2729 sint!
523 2682 630 2743 Repone
649 2681 736 2742 iqitur,
749 2681 832 2743 Neque
841 2682 897 2729 adeo
912 2679 973 2727 clam
989 2685 1014 2728 te
1030 2685 1076 2743 ert,
1087 2697 1156 2743 quam
1170 2695 1210 2729 erre

121 2759 174 2793 eum
190 2744 292 2793 latorum
309 2744 419 2805 grauiter
434 2748 533 2795 credam.
549 2746 627 2795 Brut.
650 2761 722 2808 seque
735 2748 793 2794 adeo
813 2745 910 2793 clamem
928 2743 975 2791 nisi
993 2745 1053 2805 quia
1070 2760 1124 2793 eum
1141 2748 1208 2795 Botb.

122 2811 179 2858 ‘rue
202 2809 273 2857 delet
294 2809 370 2858 Bent.
404 2808 442 2858 At
464 2824 552 2858 sensus
575 2817 648 2873 patet
664 2811 793 2872 uulgata?
813 2810 880 2858 Peri.
913 2808 956 2856 ‘si
981 2808 1046 2869 quid
1068 2811 1208 2860 mittundum

122 2882 173 2933 est,
205 2872 324 2937 equidem
353 2873 532 2938 corrigendum
567 2888 661 2923 censeo
685 2876 765 2923 ereda
799 2888 856 2923 cum
883 2873 1107 2934 interrogatione!
1143 2875 1208 2922 Zeus.

121 2942 187 3014 ..30
204 2938 331 3014 (mystas,
349 2945 378 2986 ut
389 2939 465 2994 solet,
482 2939 508 2987 in
521 2939 606 2987 omnis
625 2939 675 3030 ali‘a
693 2937 781 2987 abiens
799 2937 872 3024 legit,
890 2938 925 3014 bio
944 2939 1037 3014 Naum
1055 2941 1139 2987 studeo
1158 2940 1209 2996 ltaee,

119 3002 383 3125 {rettulisti
396 3001 1211 3140 tritissimissiitisrltsssbttfflttist

122 3132 215 3189 μᾶλλον
224 3130 240 3189 ἡ
251 3128 362 3187 ἀλήθειαν
371 3128 519 3191 σπουδάζειν.
540 3131 642 3182 eraerit
652 3146 728 3193 porro
739 3130 868 3194 Onysius,
878 3137 884 3158 ‘
895 3130 964 3182 Quid
973 3130 1016 3178 hle
1027 3129 1056 3178 'rb
1066 3132 1170 3180 Domum
1179 3131 1211 3179 fa·

124 3197 188 3254 cist,
199 3208 249 3242 non
259 3194 352 3243 rideo)
383 3194 466 3243 Immo
478 3209 547 3254 uero,
557 3196 618 3261 quid
629 3195 658 3244 rb
674 3197 804 3245 ‘Demnm
812 3197 828 3244 i'
845 3194 971 3244 ‘Domum
981 3193 988 3216 '
999 3194 1079 3244 ducta
1090 3204 1149 3245 erat
1158 3196 1210 3244 Pbi·

122 3257 235 3319 lnmeno,
252 3256 361 3309 ‘dorso'
376 3258 487 3318 abierut,
503 3258 640 3308 ‘domum’
663 3274 727 3325 ergo
747 3261 832 3309 redire
852 3274 909 3308 eam
920 3273 1028 3307 necesse
1039 3266 1109 3309 erat.
1143 3259 1210 3309 Unde

123 3327 169 3369 sut
182 3335 242 3369 uera
253 3328 292 3369 est
302 3321 392 3384 lectio,
408 3337 484 3385 quam
496 3323 607 3384 exhibui,
617 3332 662 3373 aut
674 3341 730 3387 qua
742 3333 782 3374 est
798 3326 825 3374 in
841 3323 929 3386 paucis
942 3322 1083 3372 Codicibus
1094 3324 1162 3386 aliis,
1183 3325 1210 3371 Er

122 3387 215 3442 domum
223 3387 305 3433 studeo
314 3385 383 3449 bauo,
393 3385 462 3449 (sub.
475 3386 571 3450 redire)
580 3389 714 3452 priusquam
725 3391 764 3439 ille
775 3389 914 3439 baeredeut.
930 3388 1015 3435 West.
1041 3389 1072 3436 lu
1083 3390 1210 3453 antiquiss.

121 3449 206 3512 libris,
224 3449 297 3499 Bem.
310 3456 338 3498 et
347 3450 417 3500 Vict.
429 3457 457 3503 et
468 3451 624 3513 Decastato,
637 3468 691 3515 pro,
703 3455 746 3502 buc
756 3456 846 3515 remor,
864 3452 970 3514 legitur,
985 3456 1014 3498 ot
1024 3453 1123 3502 redeat:
1141 3460 1168 3503 et
1177 3460 1212 3502 est

122 3516 203 3577 ordo;
220 3529 251 3564 eo
269 3512 361 3563 studeo
373 3521 402 3564 ut
412 3516 468 3564 brec
481 3515 572 3566 redeat
584 3518 685 3566 domum
696 3519 768 3580 prius
779 3533 854 3581 quam
866 3517 918 3565 ille.
935 3515 982 3564 Fa.
1018 3516 1113 3567 Nostri
1132 3531 1212 3568 omnes

122 3581 178 3642 buc,
189 3587 217 3630 et
228 3579 343 3628 Donatus
351 3592 409 3627 cum
422 3580 488 3633 Edd.
502 3587 566 3630 rett.
603 3581 637 3635 Ut
656 3597 671 3628 a
690 3581 884 3631 correctoribus
905 3580 986 3642 veuit,
1004 3580 1050 3644 qni
1068 3583 1213 3632 nesciebant

123 3660 200 3697 uuam
218 3643 338 3694 mendum
359 3644 499 3707 corrigere,
515 3645 562 3691 nisi
580 3645 726 3697 inducendo
744 3647 862 3695 alterum.
895 3645 965 3706 laege
983 3657 1043 3694 curn
1062 3646 1135 3696 Edd.
1155 3655 1211 3696 vett.

48 3726 51 3730 ·
124 3710 180 3759 Hor
189 3708 212 3758 si
221 3708 343 3763 rescierit:
359 3722 386 3755 eo
404 3709 495 3761 ἀοιιιιιιιι
512 3710 594 3757 studeo
611 3709 678 3767 banc,
694 3711 830 3822 qrriusqum
841 3710 881 3759 ille
891 3709 935 3757 buc
945 3709 1035 3758 redeat.
1068 3711 1153 3775 Hauc,
1168 3725 1211 3760 uoa

123 3773 202 3824 Hoer:
218 3782 247 3823 et
263 3770 395 3833 ‘Redire,'
411 3773 575 3821 ‘Revocure’
586 3773 626 3822 vel
638 3774 693 3822 simi
705 3790 719 3823 e
731 3775 801 3838 quid,
813 3782 841 3823 ut
852 3773 955 3838 passim,
965 3773 1130 3826 subauditur.
1146 3777 1212 3824 Best.

124 3839 242 3903 sequitur
253 3837 331 3896 Both.
343 3836 471 3900 improbat
487 3837 548 3898 Bip.
564 3837 608 3885 bue
618 3840 699 3887 redeat
710 3839 770 3903 Bip.
782 3839 902 3888 Βι.-21.
917 3841 950 3886 22
967 3837 1032 3888 Mss.
1049 3838 1102 3889 duo
1113 3840 1212 3901 benigri-

125 3906 198 3954 totem
208 3917 276 3968 quom
287 3901 403 3952 exhibetis
413 3915 470 3963 erga
480 3901 561 3964 filiurn
579 3916 654 3953 meam
673 3918 687 3951 e
701 3903 734 3966 gl.
752 3903 828 3953 Boeol.
844 3902 948 3952 additur
960 3900 986 3948 in
998 3903 1051 3952 Μι.
1064 3904 1097 3952 R.
1114 3911 1210 3955 essert.

123 3964 188 4014 libb.
200 3966 245 4014 sed
257 3966 305 4014 alis
318 3980 475 4033 meutiquam
492 3965 611 4014 exhibebis
626 3982 683 4029 erga
697 3981 772 4015 means
782 3966 913 4026 familiam.
931 3965 1072 4016 Lino—as
1091 3969 1123 4017 Id
1135 3969 1212 4029 sarerr

125 4033 150 4076 te
160 4029 224 4077 Mss.
236 4029 287 4078 duo
297 4031 365 4094 apud
376 4031 458 4079 Boecl.
469 4031 562 4079 tertius
571 4035 594 4079 te
604 4031 630 4079 id
641 4032 734 4091 jacere,
744 4039 771 4079 et
782 4032 819 4081 sic
830 4032 875 4080 Br.
894 4030 983 4080 Nostri
993 4033 1116 4080 meliores
1125 4044 1210 4096 magno

29 4110 32 4116 ’
125 4105 240 4154 numero,
255 4093 313 4148 Qua
323 4101 397 4145 reste
407 4095 433 4143 id
443 4093 524 4154 facere
536 4093 664 4158 probibet?
680 4095 800 4144 Numerio
817 4097 893 4160 patilo
910 4095 1069 4148 melioribus.
1086 4097 1160 4146 Best.
1175 4110 1210 4145 se·

125 4159 212 4225 quitur
222 4157 363 4208 barb-25
375 4160 545 4209 Accusaturum
555 4160 600 4210 Br.
611 4169 638 4211 ut
649 4160 773 4224 scriptum
785 4161 871 4224 babet,
884 4158 939 4210 ‘Aa
950 4166 1046 4210 accusat
1056 4160 1209 4212 rinnel-tt
