2678 4694
119 282 183 347 602
492 301 524 347 r.
545 299 726 349 uersuum
752 302 840 352 arur

119 437 184 503 Vel
204 400 272 504 heri
294 441 328 503 in
351 439 441 518 vino,
464 460 564 523 quam
586 442 803 509 immodestus
817 445 927 510 suisti!
971 445 1036 512 St.
1059 447 1203 514 Factum

246 540 313 606 ΘΗ.
336 541 444 619 Quam
459 544 639 609 molestus!

119 644 168 709 Ut
182 644 347 727 equidem,
363 645 411 710 ita
424 666 476 710 me
492 647 539 711 Di
559 649 687 713 ament!
709 649 821 728 metui,
844 649 924 732 quid
946 647 1092 715 futurum
1115 650 1202 716 deni·

249 766 314 829 que
330 753 428 814 esset.

118 848 211 916 Novi
226 868 289 931 ego
304 851 483 914 amandum
497 851 659 915 animum:
683 852 859 916 advertunt
873 853 1027 936 graviter,
1051 871 1131 935 qnae
1144 871 1202 918 non

246 969 395 1014 censeas.

118 1050 184 1119 Cn.
206 1050 253 1116 At
267 1052 349 1118 mihi
364 1050 446 1115 fides
459 1052 548 1136 apud
569 1053 656 1117 hunc
671 1061 735 1131 est,
750 1054 831 1119 nihil
846 1074 899 1120 me
913 1055 1015 1119 istius
1030 1055 1203 1129 iacturum,

246 1163 351 1236 pater.
1167 1154 1204 1216 10

119 1253 186 1318 Cer.
219 1255 320 1320 Esto:
352 1263 389 1319 at
413 1260 500 1319 certe
521 1257 687 1320 concedas
709 1256 786 1321 hinc
807 1257 920 1339 aliquo
943 1257 987 1320 ab
1012 1276 1070 1320 ore
1100 1274 1204 1320 eorum

246 1356 498 1440 aliquantisper.

119 1457 229 1523 Multa
244 1458 307 1522 sert
317 1458 442 1522 libido:
466 1477 506 1522 ea
520 1456 675 1541 prohibet
690 1457 798 1522 facere
813 1465 872 1522 tua
886 1457 1072 1541 praesentia.

117 1651 169 1700 tert
187 1651 213 1700 is
231 1653 351 1701 conuiuio?
382 1653 430 1701 Su.
448 1650 595 1700 detumeat.
638 1649 690 1701 (ΣΗ.
709 1653 787 1707 Quom
804 1652 950 1714 importunus
966 1657 989 1702 ct
1004 1650 1102 1700 acubus
1114 1649 1205 1711 fuisti?

116 1717 183 1776 odeo,
194 1716 230 1763 ito
240 1731 276 1765 me
287 1718 331 1765 Dii
341 1722 442 1774 rement,
462 1720 489 1762 ut
503 1715 608 1776 equidm
626 1715 696 1764 timui
714 1717 769 1778 quid
782 1716 935 1776 contingeret,
945 1730 974 1763 se
984 1717 1088 1764 oriretm
1098 1716 1207 1764 emunda

116 1778 248 1829 usercen
260 1781 371 1829 Cliniam.
405 1782 458 1840 Ego
469 1780 523 1826 noni
534 1779 655 1839 ingenium
665 1786 809 1828 amatorum:
825 1780 941 1842 occipiunt
952 1782 1095 1839 molentun,
1106 1796 1155 1842 que
1166 1794 1205 1828 uns

114 1849 231 1907 putescas
242 1844 424 1893 animaduertere
435 1849 458 1892 et
469 1843 591 1905 suspicari.
624 1844 670 1892 Cu.
688 1844 745 1905 Sed,
765 1851 869 1908 oprtet,
887 1843 925 1892 iric
943 1845 1040 1908 confidit
1050 1843 1119 1898 uuiti,
1135 1851 1157 1892 et
1172 1847 1206 1892 snt

117 1907 239 1968 creditne
250 1909 310 1956 aiiii
318 1908 441 1967 sucturum
458 1907 528 1955 istius
546 1907 582 1956 rei
597 1923 666 1970 mom
681 1908 758 1957 tiores.
791 1910 843 1956 Crr.
860 1908 900 1957 Sit
919 1908 972 1955 ito:
988 1910 1071 1957 saltem
1091 1907 1205 1957 amedeis

117 1971 217 2034 alicuem
235 1973 308 2022 iocum
324 1971 467 2036 aliquamdiu
479 1987 493 2019 a
504 1977 623 2036 conspectu
634 1973 735 2020 itionum.
770 1973 849 2022 Multo
860 1970 932 2021 iibido
942 1973 1084 2033 concupiscit
1095 1977 1119 2020 et
1128 1972 1204 2021 iucitnt

119 2036 225 2086 nuutrtcs
236 2036 299 2089 inter
308 2051 334 2086 se
344 2051 432 2100 ngme:
448 2041 471 2085 ct
482 2043 524 2084 tun
533 2038 661 2099 merentia
679 2036 776 2098 impedit
787 2051 833 2085 eos.
869 2038 921 2100 Ego
932 2038 961 2084 de
973 2037 1060 2101 mopso
1071 2037 1098 2085 id
1108 2037 1205 2097 conjicio.

116 2285 206 2338 euers.
219 2291 290 2336 1.-t
310 2287 407 2336 lucino.
440 2287 482 2336 Ita
494 2286 570 2336 metri
582 2286 647 2336 ratio
659 2287 774 2349 postulat
792 2293 821 2337 ut
840 2282 951 2348 legatur.
984 2283 1078 2333 Boend.
1099 2283 1140 2334 Μ.
1154 2282 1206 2335 ΕΑ.

117 2352 171 2401 ΕΤ.
188 2353 214 2399 in
233 2351 353 2399 canuno:
371 2352 505 2400 octonario
524 2352 769 2414 hypercatalectico.
790 2350 867 2400 West.
899 2349 964 2397 ‘Vel
982 2348 1034 2397 deri
1052 2348 1079 2397 iu
1182 2347 1188 2358 '

118 2415 216 2466 Omnes
228 2414 283 2464 fere
294 2415 311 2462 Ι.
323 2429 342 2463 s.
356 2415 424 2465 inter
435 2429 500 2479 quos
511 2416 585 2464 Bem.
601 2430 651 2463 non
663 2416 688 2463 in
697 2415 801 2463 conuiuio
813 2412 917 2475 habent,
935 2411 980 2461 sed
993 2413 1019 2461 iu
1036 2413 1108 2462 ιίιιοι
1124 2410 1133 2461 i
1176 2425 1205 2463 uo

117 2480 195 2528 etism
210 2478 275 2527 libro
289 2493 324 2525 rs.
341 2477 408 2536 finit,
427 2493 478 2526 non
489 2479 624 2538 infactum,
636 2479 680 2527 sed
693 2479 718 2527 in
734 2494 803 2542 quom
813 2476 937 2527 molestus?
954 2477 999 2525 Fa.
1032 2477 1040 2503 ‘
1053 2477 1147 2526 Nostri
1157 2475 1206 2524 nni·

116 2543 183 2592 versi
194 2543 220 2592 in
231 2541 302 2591 eim!
320 2544 398 2593 Bent.
415 2543 461 2592 ‘Iu
472 2543 587 2607 conuiuio]
605 2544 657 2592 Ma.
667 2545 699 2592 R.
711 2544 737 2592 ιἰι
747 2543 802 2591 cino
814 2556 823 2588 .·
843 2541 913 2606 quod
925 2555 975 2589 non
990 2539 1132 2604 dispttcot:
1141 2540 1207 2590 Μ.

117 2606 263 2657 Iuenunioio
275 2608 318 2656 dat
331 2607 361 2656 Z.
386 2608 492 2672 reliqua
515 2607 574 2656 edd.
592 2622 635 2670 ap.
655 2622 711 2664 nos,
727 2609 752 2655 in
771 2607 832 2656 niun.
865 2605 935 2655 Add.
953 2609 987 2667 uqi
998 2605 1063 2664 suet.
1084 2603 1159 2653 verb.
1175 2608 1208 2653 est

117 2671 207 2723 Guelf.
227 2676 250 2720 2.
282 2672 326 2721 Ita
346 2679 373 2722 et
394 2673 436 2722 ed.
456 2672 602 2735 Delph.-8
618 2671 733 2733 corrigit
753 2670 821 2734 Gay.
842 2671 876 2719 Ut
894 2685 915 2718 e.
931 2669 949 2719 i.
963 2684 995 2717 ιιι.
1011 2669 1067 2730 Dii,
1083 2668 1208 2718 metum

116 2737 235 2786 Boeeiero
251 2737 284 2784 Ut
295 2737 387 2787 metui!
405 2738 483 2796 valet,
493 2739 500 2764 ‘
510 2751 583 2801 qnam
593 2738 673 2786 metui
684 2736 702 2785 i'
718 2736 830 2799 ‘quanto
840 2735 866 2782 in
874 2741 946 2783 metu
957 2731 994 2781 t'ni
1006 2732 1021 2779 !'
1038 2732 1114 2781 Idem
1127 2741 1207 2782 tamen

117 2802 188 2866 Gny.
199 2801 225 2850 in
236 2801 344 2850 Scholiis
356 2803 421 2851 Μαι.
438 2801 498 2852 ‘An
515 2802 610 2851 munim
620 2816 666 2864 pro
676 2799 822 2849 mnusumt'
833 2799 915 2847 West.
944 2797 1031 2859 ‘Gny.
1042 2797 1084 2845 hic
1095 2797 1207 2859 corrigit,

120 2866 155 2914 Ut
166 2865 296 2927 senuerim,
312 2866 361 2915 hoe
373 2874 422 2928 est,
439 2866 504 2915 adeo
516 2875 545 2913 ut
564 2865 715 2913 metuerim:
735 2873 813 2926 atque
831 2863 879 2911 huc
901 2860 1012 2924 arripuit
1030 2869 1058 2909 et
1080 2861 1207 2911 transtulit

116 2931 158 2978 vir
179 2931 302 2979 eruditus.
335 2931 432 2993 Magno
451 2936 545 2979 conatu
566 2930 626 2977 nihil
647 2928 750 2990 agitur:
766 2929 838 2977 Brut.
860 2927 906 2975 Bt.
923 2926 959 2974 Di
979 2924 1207 2985 maturuerunt:

117 2995 162 3043 nbi
173 3000 246 3043 notat
258 2995 352 3042 Bruns.
368 2995 422 3043 ‘sic
435 2995 535 3055 primo:
554 3007 621 3040 niuno
632 2992 725 3041 omnint
740 3004 825 3056 neque
837 2991 914 3040 aliter
931 2988 1053 3038 ocul-9
1072 2989 1144 3038 Libri
1158 2989 1208 3054 qui·

118 3057 177 3109 dum
189 3059 279 3118 script.
296 3064 324 3104 et
336 3057 453 3119 impressi
463 3058 560 3104 animos.
577 3058 660 3106 West.
693 3056 808 3106 ‘Omnes
830 3056 846 3103 1.
867 3070 887 3104 s.
905 3054 1023 3102 ssimum:
1044 3053 1083 3102 ita
1094 3052 1208 3115 procedit

116 3121 213 3184 optime
235 3119 397 3169 trochaicus.5
414 3121 459 3169 Fu.
492 3121 608 3171 ‘Omnes
629 3121 709 3170 nostri
732 3120 842 3168 animum.
876 3119 935 3168 Hoc
954 3125 1048 3165 recte:
1074 3117 1122 3166 sed
1144 3117 1208 3169 aliud

117 3190 216 3234 restat:
234 3198 291 3233 eum
307 3184 375 3232 enirn
393 3184 524 3233 ‘animum
536 3184 691 3235 advertere'
709 3187 803 3247 passim
825 3198 867 3246 ap.
883 3184 951 3230 hunc
963 3188 990 3230 et
1011 3181 1135 3230 Plautum
1145 3183 1209 3232 dieu·

117 3256 169 3311 tur,
187 3247 358 3296 ‘aduertere'
375 3263 421 3311 per
433 3263 459 3297 se
473 3263 585 3297 eoseusu
595 3263 739 3313 nunquam:
758 3250 779 3297 si
788 3247 931 3307 distinguas
943 3252 1000 3306 post
1011 3245 1126 3308 animum,
1138 3246 1208 3311 piune

117 3321 208 3362 contra
220 3326 314 3360 morem
328 3312 420 3376 egeris.
453 3312 581 3362 Nimirum
593 3321 666 3363 certa
683 3319 724 3362 est
740 3313 864 3363 Palmerii
875 3309 1041 3360 emendatio:
1061 3309 1096 3359 N.
1103 3325 1124 3358 e.
1135 3324 1210 3360 nam·

117 3378 167 3426 tis:
183 3378 286 3425 animum
297 3379 431 3425 ndnertuut.
457 3377 578 3437 Arruntis,
590 3379 769 3427 terminatione
781 3377 876 3439 prisca,
888 3376 935 3423 hoe
947 3381 987 3423 est
999 3378 1112 3422 amantes.
1136 3371 1210 3426 Quod

118 3457 177 3492 cum
197 3441 319 3503 Magistri
337 3440 439 3490 amantis
452 3457 510 3504 gen.
534 3443 599 3504 sing.
620 3443 778 3505 acciperent,
796 3453 901 3488 necesse
923 3444 981 3486 erat
993 3443 1023 3485 nt
1034 3443 1209 3501 supponerent

117 3505 263 3556 amantium!
280 3506 359 3553 Bent.
392 3506 514 3554 Pulmerii
534 3506 736 3556 emendationem
757 3506 834 3554 etiam
856 3501 949 3567 probat
969 3500 1117 3550 Both-lt)
1142 3504 1210 3564 Lege

117 3586 174 3620 cum
187 3586 237 3619 nno
247 3584 278 3619 ex
293 3567 389 3632 Regiis,
398 3577 429 3631 ut
438 3570 583 3619 trochaicus
595 3571 628 3619 sit
641 3586 714 3632 neutro
727 3585 757 3619 ae
767 3569 856 3627 ceteri,
866 3568 902 3617 At
912 3566 978 3629 fides
992 3567 1034 3614 rui,
1053 3565 1132 3615 Bent.
1160 3567 1208 3615 ‘M.

117 3643 144 3684 et
157 3635 248 3685 Boend.
258 3636 382 3694 sucturum
392 3633 479 3697 ptttnt!
498 3635 581 3683 West.
614 3634 649 3683 At
659 3635 724 3700 fides
734 3635 767 3683 mi
787 3633 858 3681 Perl.
880 3631 957 3680 Both.
984 3630 1061 3676 Putat
1080 3644 1130 3692 pro
1145 3637 1210 3693 potet

116 3699 205 3750 Gueif.
216 3704 303 3748 2.-11
323 3698 390 3747 Hinc
408 3698 483 3746 abest
494 3713 509 3746 u
521 3699 572 3746 Me.
582 3699 620 3748 M.
633 3707 660 3748 et
672 3700 743 3762 Lips.
758 3697 835 3748 West.
869 3696 876 3722 ‘
888 3696 958 3743 Certe
974 3693 1085 3743 concedas
1095 3693 1175 3756 aliquo
1183 3693 1210 3744 ui

116 3777 194 3811 eorum
205 3779 254 3813 ore.
271 3765 345 3813 Bem.
357 3763 439 3812 etalii
459 3762 557 3824 antiqui
577 3764 615 3812 its
632 3764 770 3823 collocant,
781 3761 810 3808 ab
821 3775 861 3808 ore
872 3772 959 3808 eorum.
993 3757 1118 3806 Ceterum
1131 3758 1174 3806 Vi.
1185 3765 1211 3806 ot

118 3827 279 3876 Decurtatus
291 3828 386 3876 habent
397 3828 507 3875 concedar
518 3827 581 3889 hinc,
591 3842 641 3890 qua
651 3827 777 3891 particula
787 3824 875 3872 addita
884 3823 973 3870 meiius
983 3834 1073 3868 versus
1085 3823 1210 3883 procedit,

116 3891 160 3953 qui
173 3897 213 3939 est
225 3892 369 3940 trochaicus
381 3890 585 3940 acatalecticus!
603 3892 648 3941 Fu.
682 3891 748 3940 Hinc
760 3889 821 3936 nulli
833 3901 865 3936 ex
877 3885 971 3934 nostris
983 3898 990 3931 z
1008 3885 1052 3931 sed
1065 3892 1120 3934 tres
1129 3893 1210 3935 ueter-

117 3954 427 4070 iii'eiiiii‘diiiz
452 3948 1132 4070 itt'nt‘t‘tttttt‘ut’titinium&
1147 3953 1210 4076 'iii‘

22 4075 28 4085 '
80 4135 83 4139 ἶ
117 4085 434 4148 atcmtccuncedosntipuo.
451 4084 544 4146 Deiph.
561 4089 618 4134 otc.
633 4083 744 4133 concedas
759 4079 788 4128 nd
804 4092 933 4127 orreorum
948 4076 1209 4140 aliquantisperntiquo.

116 4150 182 4198 -12
201 4147 291 4198 &mm
301 4153 326 4196 et
337 4155 397 4212 post
405 4148 477 4198 libido
489 4147 575 4199 Gueli.
585 4152 609 4199 t.
642 4148 700 4198 ‘Ex
709 4146 783 4195 Benr.
796 4144 850 4193 soto
862 4143 905 4192 Fs.
918 4141 990 4191 dedit
1000 4138 1210 4204 sncueproiibctt
