2678 4694
193 306 261 379 734
478 324 484 337 ·
568 321 598 367 e.
620 315 917 368 reuersurus
1001 320 1008 330 ·

197 470 320 536 Misero
334 465 434 532 nimis
449 465 563 548 cupio,
577 469 615 530 ut
629 464 732 548 coepi,
748 471 943 548 perpetuum
959 462 993 526 iu
1004 461 1125 527 laelitio
1139 463 1273 545 degere:

196 576 241 641 Er
266 572 346 639 illud
383 591 437 635 rus
466 568 559 635 nulla
586 569 656 635 elio
682 587 787 634 causa
816 576 885 632 tem
910 558 999 632 mule
1025 566 1095 645 odi,
1125 567 1192 631 uisi
1217 568 1285 650 quie

327 693 435 756 prope
450 671 513 736 ’st:

197 776 299 856 Quod
315 777 346 840 si
361 777 495 841 abesset
508 773 649 856 longios,

196 878 296 945 Prius
310 896 382 941 nox
394 877 619 960 oppressisset
633 873 716 951 illic,
732 892 833 957 quem
855 871 920 935 huo
943 869 1070 936 revorti
1091 877 1214 954 posset
1231 870 1287 935 ite:

197 1083 300 1149 Nunc
314 999 439 1147 riliimme
452 1079 523 1144 illic
536 1095 603 1141 uon
615 1075 757 1154 videbit,
776 1075 848 1159 jem
863 1074 928 1141 huc
942 1081 1103 1153 recurret,
1118 1080 1177 1139 sot
1188 1074 1268 1138 scio.

198 1183 372 1269 Rogitabit
386 1201 451 1258 mc,
469 1179 528 1244 ubi
550 1179 690 1259 iuerim3
713 1197 811 1260 quem
834 1195 896 1260 ego
920 1177 1020 1242 hodie
1044 1180 1117 1241 toto
1140 1195 1209 1240 uon
1223 1173 1288 1341 vigi

326 1285 392 1349 die.

197 1498 288 1545 latret
304 1496 392 1557 gaudio
409 1496 525 1545 issum
540 1493 687 1543 oclsmester
703 1493 823 1542 seeum.-
839 1497 863 1542 et
879 1507 921 1542 rrrs
932 1493 992 1544 illsu
1007 1504 1057 1543 tros
1077 1493 1106 1542 ol
1116 1493 1289 1542 uicum

196 1559 256 1608 milri
266 1561 331 1610 salue
341 1562 445 1609 odiosum
456 1566 501 1619 est,
517 1573 586 1621 quum
596 1557 719 1620 pscdsrllr'
733 1558 890 1620 propiusul:
906 1561 967 1621 quoa
983 1558 1005 1607 si
1022 1564 1082 1608 esset
1093 1560 1215 1617 smila,
1228 1555 1290 1618 priv

195 1637 246 1672 nox
262 1630 355 1687 putrem
372 1627 398 1673 in
416 1625 501 1673 itinere
518 1624 647 1681 inuaderet,
664 1637 733 1684 quom
743 1622 879 1670 luciterum
890 1637 993 1672 remeare
1002 1627 1088 1684 posset.
1121 1624 1195 1671 Nunc
1205 1621 1246 1670 soi
1256 1619 1290 1667 ills
1329 1636 1331 1681 ξ

197 1702 234 1737 ore
244 1690 270 1738 in
281 1691 338 1739 cillo
349 1704 394 1738 son
405 1689 516 1752 reperiet,
526 1688 578 1747 jum
592 1687 889 1748 properabitlrucreuerti,
904 1687 973 1749 probe
984 1688 1040 1736 scio.
1074 1683 1290 1743 Qsoereturseeli
1329 1696 1331 1731 ;

198 1753 413 1816 monstreris,
426 1751 711 1803 mmometotolsoeriie
728 1751 792 1800 cisse
809 1751 958 1811 sessuris.
991 1746 1289 1812 Quidaemuoiscffi·
1329 1814 1331 1819 Ι

717 1917 722 1928 .

616 1938 620 1946 ’
653 1945 832 1967 emommo

197 2087 303 2153 quidam
320 2087 452 2144 exhibent,
472 2088 563 2138 Misere
578 2088 662 2152 eupio;
679 2089 782 2150 omisso,
798 2089 878 2139 simu.
910 2088 973 2153 Alli,
991 2090 1032 2139 Mi
1050 2089 1121 2154 Syre,
1137 2091 1214 2154 cupio.
1242 2088 1290 2139 Sei

198 2155 289 2203 Misere
299 2154 370 2204 nimis
380 2152 498 2202 firmetur
509 2169 524 2201 a
537 2155 649 2202 Donato.
668 2156 745 2204 West.
778 2155 870 2204 Misere
888 2155 958 2203 nimis
975 2154 1055 2216 cupio]
1073 2156 1165 2204 Nostri
1177 2154 1232 2204 fere
1242 2169 1290 2203 om-

197 2233 244 2267 ues
262 2217 352 2266 Misere
367 2219 442 2280 cupio,
458 2233 507 2267 nec
518 2224 659 2280 agnoscunt
671 2217 733 2267 illud
745 2219 825 2268 nimis.
857 2220 930 2268 Unus
949 2224 1035 2268 temen
1054 2233 1086 2266 ex
1106 2220 1197 2282 Regiis
1215 2218 1290 2268 Nimis

197 2284 283 2332 oriem
293 2282 369 2343 cupio.
403 2282 574 2331 Rectissime:
592 2292 619 2331 et
631 2283 690 2332 iude
702 2291 753 2343 est,
765 2282 832 2346 quod
845 2283 870 2331 in
882 2284 976 2332 ceteris
986 2283 1055 2333 (lesit
1067 2283 1158 2332 Nimis.
1192 2285 1289 2345 Quippe

145 2376 149 2383 ·
196 2345 336 2395 interdico:
347 2354 375 2394 et
386 2346 468 2394 muers
479 2344 628 2409 absorptum
645 2354 686 2396 est
707 2348 785 2396 Nimis
803 2345 995 2412 (Diemmr'ssre).
1012 2348 1091 2396 Bent.
1123 2348 1156 2397 In
1178 2349 1210 2397 R.
1226 2347 1290 2396 oiseis

198 2410 282 2459 deest.
298 2408 371 2458 liud.
403 2410 480 2470 Vulg.
497 2411 587 2459 Misere
598 2411 677 2459 simu.
702 2411 804 2475 Exque
820 2412 880 2461 lect.
897 2425 912 2461 e
933 2411 986 2460 uid.
1002 2411 1122 2474 suspicor
1139 2414 1248 2472 recisse,
1263 2418 1288 2459 ut

198 2475 243 2527 ills
254 2473 365 2521 oriretur
377 2486 451 2536 qurum
463 2474 530 2522 Pell.
542 2474 647 2533 hubent,
657 2475 697 2522 Mi
707 2473 767 2538 Syos
777 2475 857 2525 nimis.
869 2428 939 2526 Peri.
965 2477 1047 2525 Nimis
1056 2477 1143 2526 omitt.
1154 2478 1200 2527 Br.
1217 2475 1288 2524 Nisei:

197 2538 282 2588 meere
297 2536 373 2586 Both.
391 2537 463 2587 Peri.
491 2538 525 2586 Ut
535 2539 601 2601 copi,
612 2541 678 2600 cupio
689 2539 834 2600 Rip-m
852 2541 915 2589 Mss.
926 2546 954 2588 et
964 2539 1029 2589 editi
1040 2541 1158 2604 quidum,
1178 2541 1225 2591 sisi
1239 2541 1287 2604 peis

198 2609 248 2652 tom
255 2601 377 2666 prope'st.
394 2602 477 2652 West.
511 2602 638 2666 Tempust
654 2601 748 2666 ‘quis'
765 2601 888 2653 Guelf.2.
907 2604 971 2653 Peri.
999 2603 1052 2652 Alii
1064 2608 1152 2654 versui
1163 2610 1189 2656 t.
1202 2613 1286 2670 preter

197 2674 308 2717 metrum
320 2665 418 2716 addunt
428 2681 500 2730 prope
510 2671 561 2717 est:
578 2667 716 2731 quodcum
729 2669 773 2716 Er.
785 2669 903 2731 sequenti
919 2668 1109 2731 promittimus.
1126 2669 1187 2733 Bip.
1219 2669 1300 2727 Herc·

198 2746 300 2780 versum
312 2737 340 2780 et
352 2737 500 2794 sequentem
513 2732 549 2780 its
560 2731 694 2782 ordinatos
709 2733 787 2781 habet
805 2733 956 2796 Bembiuus,
975 2735 1009 2781 Er
1027 2734 1088 2782 illuri
1106 2748 1149 2782 oss
1165 2735 1230 2784 selu
1246 2733 1284 2781 ulis

197 2798 399 2910 cousssgcmruls
409 2797 457 2859 orii,
477 2797 526 2845 uisi
543 2797 599 2859 quio
611 2796 724 2860 prope'st.
758 2796 827 2851 Quod
841 2797 1075 2859 domuetlougiur.
1094 2799 1141 2847 Fa.
1178 2799 1283 2850 Horres.

199 2862 237 2915 ric
288 2867 325 2910 t.
353 2867 397 2910 st:

424 2925 526 2972 Etillrul
536 2925 726 2974 resuscito
736 2925 796 2973 mole
806 2927 855 2985 odi,
953 2968 956 2974 .

424 2988 482 3036 Nisi
492 2989 547 3050 quio
556 3003 627 3051 prope
638 2996 681 3039 cst.
714 2989 805 3044 Quodsi
815 2990 907 3052 longius
917 2989 1016 3052 obesset,

424 3053 483 3100 Nox
492 3055 568 3113 prius,
579 3056 619 3115 lc.

198 3123 247 3168 -9
265 3118 344 3172 Quum
354 3116 399 3164 lese
409 3117 497 3164 recoli
509 3124 585 3177 posses
595 3117 693 3180 amm]
711 3117 779 3166 Finis
791 3124 832 3167 est
842 3133 930 3167 versus
943 3118 1067 3169 trochaici
1078 3121 1227 3171 tetrametri
1236 3133 1282 3168 scs·

199 3181 324 3231 telectici.
356 3179 426 3227 Puto
438 3186 523 3229 tumen
536 3195 594 3229 eom
606 3189 766 3244 corruptum,
784 3191 812 3230 et
830 3198 876 3245 pro
891 3189 971 3247 posset
983 3184 1119 3247 legendum
1132 3199 1191 3235 esse
1200 3185 1282 3248 possiet.

199 3244 348 3294 Dictiouem
359 3256 421 3292 vero
431 3242 517 3291 iterum
529 3245 672 3306 delendam,
681 3261 711 3294 eo
722 3247 803 3308 magis
812 3248 879 3310 quod
890 3250 917 3296 iu
929 3249 1002 3297 Bem.
1013 3263 1064 3296 non
1075 3250 1183 3299 omnine
1191 3252 1283 3314 legitur,

196 3314 275 3372 posset
284 3309 379 3367 ilerum,
395 3307 442 3355 sed
456 3322 522 3370 posse
536 3310 639 3358 iteum:
656 3312 681 3358 iu
700 3310 811 3374 quodum
831 3326 891 3360 vero
910 3313 961 3360 alio
972 3311 1050 3374 libro,
1059 3320 1139 3375 posset
1150 3316 1213 3365 iter:
1228 3310 1283 3378 quod

198 3388 251 3429 uou
269 3372 306 3421 ita
326 3374 434 3420 multum
454 3373 534 3421 distet
552 3388 567 3420 u
583 3375 683 3432 possiet:
701 3376 738 3423 itu
755 3390 845 3424 versus
864 3383 933 3425 esset
949 3379 1098 3429 octonarius
1111 3379 1248 3440 lumbicus,
1261 3383 1284 3424 ut

199 3437 291 3490 ceteri.
309 3437 355 3486 Fu.
388 3433 516 3498 Πλεονιίζει
533 3436 562 3486 sl
578 3438 707 3487 ‘iterum'
740 3440 845 3491 ereuto
862 3442 944 3489 minus
960 3440 1095 3490 ferendum
1112 3441 1285 3506 illudGuyeti,
1329 3502 1331 3507 Ι

197 3503 286 3558 revorti
303 3507 414 3568 poneret,
433 3507 460 3549 et
479 3501 572 3552 Faerni
591 3504 688 3565 possiet,
698 3504 785 3553 deleto
797 3505 890 3554 iterum.
922 3507 959 3555 Ut
979 3513 1065 3554 temen
1083 3507 1120 3556 sit
1138 3508 1283 3558 Trochsicur
1329 3520 1331 3535 ¹

111 3573 114 3579 ’
199 3569 345 3619 octonarius
356 3566 534 3624 catalecticus,
545 3568 628 3617 Faber
639 3569 719 3631 legit:
738 3568 807 3617 Priu'
819 3585 866 3618 sorr
876 3571 1029 3632 oppressisset
1038 3571 1099 3632 illic,
1111 3587 1183 3634 quom
1192 3574 1235 3622 irre
1241 3583 1284 3634 por·

198 3639 234 3684 set
245 3634 368 3684 rcuortior.
387 3631 467 3680 West.
499 3632 614 3695 Longius,
630 3633 697 3695 prius
709 3635 773 3693 Nox,
784 3633 837 3695 isc]
854 3636 931 3697 Vulg.
950 3635 1016 3697 prius
1026 3637 1113 3684 versui
1124 3641 1149 3685 9.
1162 3634 1295 3700 promitti-¹

199 3708 251 3759 tur,
268 3699 312 3762 qui
324 3697 361 3746 sic
373 3702 443 3745 totus
454 3697 558 3746 oberrat
569 3713 584 3746 a
595 3706 695 3746 metro:
712 3699 754 3747 cui
766 3709 794 3746 ut
806 3701 978 3762 mederemur,
997 3714 1076 3761 porro
1096 3699 1208 3750 fecimus
1217 3712 1284 3750 remo
1299 3705 1302 3708 ’

199 3764 245 3811 tier
255 3777 330 3826 quem
342 3760 439 3810 revorti.
470 3761 514 3809 Sic
524 3776 575 3809 nou
586 3777 651 3824 opus
665 3764 699 3822 vi,
717 3777 791 3826 quam
803 3763 845 3811 olii
857 3762 980 3812 inferunt.
996 3765 1120 3826 Rip-1⁰
1141 3767 1234 3815 Viderit
1243 3764 1285 3812 Ms-

199 3827 271 3887 Lips.
299 3828 373 3875 West.
412 3825 474 3875 Illuc
492 3824 814 3878 Guelts.‘-1rttuidam
834 3830 898 3877 Mss.
919 3835 946 3877 et
966 3828 1029 3876 editi
1049 3834 1163 3886 ueteres,
1184 3827 1286 3892 Regulil·
1310 3840 1311 3843 ’

200 3889 317 3950 Grryetus
330 3905 390 3939 vero
402 3898 428 3939 et
440 3897 514 3939 meet
530 3906 573 3952 ego
592 3891 616 3938 iu
637 3892 684 3940 lroc
705 3904 780 3939 versu
800 3891 851 3940 duo
867 3893 1022 3955 glossemata
1034 3900 1111 3942 vocat
1122 3894 1148 3942 ἐν
1159 3892 1286 3945 ossum

204 3953 281 4002 West.
314 3955 420 4014 Rogollit
429 3971 466 4003 me
476 3954 622 4018 elisuerr'or]
639 3957 714 4004 Bem.
727 3955 865 4016 Rogitabit:
875 3956 944 4020 quod
955 3956 1093 4005 instantius
1105 3965 1155 4006 est.
1174 3961 1220 4009 Fa.
1244 3955 1286 4004 Ro·

198 4016 441 4082 gitclitulisrreriss]
453 4020 542 4068 Nostri
552 4035 706 4070 omuescum
712 4020 779 4069 Edd.
789 4027 852 4070 vett.
871 4022 976 4082 Regulit
983 4036 1028 4076 me,
1036 4021 1184 4080 ubifuerim.
1201 4023 1284 4071 Recte.

199 4080 286 4128 ‘Ubi’
296 4089 431 4134 accentum
440 4084 481 4134 hic
494 4084 571 4136 hehet
582 4088 607 4140 in
619 4085 720 4149 syllaba
731 4084 826 4146 priore.
858 4086 927 4148 Ergo
942 4085 1037 4145 Ulisue
1049 4087 1284 4147 proceleusmaticus

200 4152 252 4206 est,
271 4145 378 4207 Dactyli
390 4155 491 4211 tempus
502 4150 597 4200 hahens
608 4166 615 4209 3
632 4156 660 4199 et
679 4150 746 4200 irato
756 4149 872 4211 opprime
887 4150 1010 4201 convenit
1020 4151 1111 4214 tepide
1123 4152 1204 4216 loqui.
1220 4152 1285 4200 Best·
