2678 4694
113 317 188 384 nrt
517 330 547 377 r.
571 326 753 378 nnnnnrn
776 326 865 378 runt

114 477 193 557 ,Sed
207 476 365 542 continuo
377 474 504 541 voltum
518 495 633 541 eornm
647 472 737 540 senei
752 471 920 553 immutari
935 466 1096 548 omnium,

125 578 216 659 Quin
229 584 297 643 tem
313 577 522 642 incommode
535 577 606 642 illie
622 575 691 642 fors
706 576 867 641 obtulerat
881 572 1062 637 adventum
1075 588 1194 636 meum.

114 673 204 746 'Una
215 679 348 744 illerum
362 679 489 744 intereo
503 698 643 764 propere
658 675 886 762 praecucurrit,
899 672 1061 739 nuntians
1176 671 1214 736 lt

126 781 185 846 Me
199 781 351 846 venisset
372 801 446 862 ego,
461 780 537 866 ejus
551 780 685 849 videndi
700 778 852 863 cupidus,
865 781 955 840 rectu
968 793 1170 858 consequor.

124 882 315 966 Postquam
327 883 450 958 introii,
466 883 638 967 extemplo
654 883 727 968 ejus
741 882 891 946 morbum
908 877 1054 961 cognovi
1069 877 1188 957 miser;

127 984 216 1049 Nam
230 1003 349 1066 neque,
362 989 397 1046 nt
411 983 514 1048 celari
528 990 658 1066 posset,
674 992 804 1067 tempus
820 981 967 1066 spatium
983 979 1093 1044 ullum
1108 979 1217 1051 dabat,

127 1085 250 1167 Neque
263 1104 347 1149 voce
362 1085 439 1163 alia,
454 1105 494 1150 ac
509 1105 563 1151 res
578 1089 746 1164 monebat,
762 1088 839 1169 ipsa
852 1088 986 1168 poterat
1000 1077 1219 1165 conqueriib
1240 1122 1242 1131 »

19 1181 22 1185 ’
128 1186 313 1270 Postquam
338 1186 471 1269 aspexi,
497 1206 517 1251 o
544 1187 675 1252 facinus
697 1185 885 1270 indignum!
908 1185 1066 1268 inquum3
1084 1191 1128 1259 ‚et
1153 1201 1219 1247 cor·

257 1289 346 1372 ripui
360 1288 450 1353 illico

127 1391 187 1457 Me
201 1392 279 1457 inde
292 1392 494 1474 lacrymans,
510 1387 695 1453 incredibili
710 1405 744 1450 re
760 1389 858 1468 atque
873 1386 979 1450 atroci
995 1386 1163 1470 percitus.

126 1606 251 1671 tmproouo
261 1615 284 1658 et
293 1609 371 1657 cubito
381 1623 417 1657 me
427 1607 549 1656 uiderunt:
563 1607 604 1658 red
613 1606 675 1656 illico
685 1604 841 1655 orrimodeerti
850 1619 931 1654 currem
946 1607 1052 1656 emnium
1061 1607 1142 1655 uultur
1152 1611 1221 1654 borr-

122 1678 227 1722 ‚meaos
236 1688 294 1730 erre,
304 1678 425 1735 poriquum
439 1674 643 1721 consideraverunt
653 1671 755 1720 reditum
765 1685 840 1720 meum
849 1669 1010 1734 intempertioe
1020 1671 1071 1720 iliis
1082 1671 1154 1730 forte
1168 1669 1221 1718 ott'c

124 1735 197 1796 circe.
230 1737 323 1785 intereo
335 1752 366 1784 ex
376 1737 425 1784 tun
435 1752 483 1784 uno
492 1739 598 1785 merim
608 1738 711 1784 cucurrit
722 1739 753 1784 od
762 1733 969 1798 paucorumne
980 1750 1016 1784 erre
1027 1737 1170 1785 udmism
1184 1747 1221 1794 ege

126 1799 233 1848 ridendae
244 1801 390 1849 Piiiumeuoe
400 1800 527 1863 cupiditate
538 1802 622 1848 ordene
631 1805 696 1849 recto
705 1800 766 1847 dure
782 1799 892 1847 anorum
901 1799 1017 1861 irrequor.
1051 1801 1182 1863 Postquam
1190 1799 1223 1846 ir·

124 1876 220 1922 gremur
230 1879 281 1912 rum
291 1864 429 1923 cubiculum,
444 1864 566 1923 ceperim
578 1864 719 1925 deprehendi
736 1878 781 1926 quo
791 1863 868 1911 morbo
881 1865 1032 1912 tentabatur:
1044 1879 1102 1912 nom
1117 1861 1223 1926 temporie

126 1925 228 1990 meritur
246 1927 385 1990 impediebat
402 1930 524 1990 premiere
541 1928 592 1987 eice
609 1928 729 1990 partitudo
743 1928 906 1988 occultaretur,
920 1942 993 1990 reque
1007 1930 1062 1992 ipro
1076 1926 1224 1991 peterotriid

124 2005 187 2053 noce,
204 2007 232 2040 ec
247 1993 336 2040 doloret
351 1991 474 2052 cogerent,
486 1994 588 2053 gemitur
604 2007 635 2040 ex
652 1996 722 2053 portu
738 1997 761 2040 et
778 1997 871 2054 quertur
887 1993 961 2039 edere.
994 1993 1130 2054 Postquam
1141 1995 1192 2041 ciere
1201 1990 1225 2037 id

126 2059 227 2118 comperi
236 2071 245 2112 ,¹
255 2057 385 2120 oprobrum
395 2055 495 2117 ingere!
506 2059 567 2119 opud
575 2071 611 2104 me
619 2056 681 2115 dixi,
689 2061 712 2103 et
721 2057 829 2104 continuo
840 2056 894 2104 inde
901 2072 936 2104 me
944 2056 1059 2116 subduxi,
1065 2059 1224 2121 illacrymari,

128 2134 156 2169 re
165 2121 224 2170 mibi
235 2135 281 2169 oon
297 2121 403 2170 credibili
413 2127 436 2170 et
447 2127 541 2184 orpectu
556 2121 673 2172 horrenda
683 2126 808 2169 commotus
818 2136 845 2169 oc
852 2121 1011 2184 perturbetur.
1047 2124 1134 2171 Mater
1146 2121 1224 2171 Priu-

587 2298 766 2323 conuentu

131 2428 182 2477 duo
201 2426 284 2476 nostri
304 2425 441 2475 veterrimi.
467 2427 539 2477 Beni.
579 2429 616 2476 iiii
633 2429 730 2477 B.-ll
747 2429 848 2477 Iliorum
859 2427 927 2488 sorte
943 2427 1036 2476 intereo
1056 2442 1148 2477 omnen
1166 2429 1224 2478 Mur.

131 2493 207 2542 Boect.
218 2501 244 2541 et
255 2492 292 2540 ric
305 2490 338 2541 G.
349 2492 402 2540 ET.
415 2491 477 2540 EM.
493 2494 501 2520 ‘
513 2493 620 2540 Versum
631 2493 698 2541 hunc
711 2493 737 2540 in
747 2507 820 2541 suum
832 2507 913 2556 genus
923 2493 1066 2554 redigimur
1078 2495 1131 2542 boc
1142 2494 1225 2542 modo:

124 2556 342 2616 'dictioncmsorte
353 2555 467 2604 delemur
477 2571 509 2604 er
521 2558 676 2606 auctoritate
687 2559 761 2606 Bem.
770 2563 796 2606 et
808 2572 854 2620 pro
863 2557 999 2619 procurrit,
1008 2558 1163 2619 reponimus
1172 2573 1226 2622 pre·

130 2624 244 2682 cucurrit,
253 2635 285 2669 ex
297 2621 358 2669 Bur.
370 2627 397 2669 et
409 2620 464 2669 eiiii
476 2622 562 2670 muitir
573 2622 590 2670 1.
600 2637 619 2671 e.
633 2623 668 2670 ita
682 2622 800 2680 procedit
814 2618 976 2671 trochaicus!
992 2620 1039 2668 Fu.
1061 2623 1070 2650 ⁴
1083 2623 1142 2672 Utro
1153 2637 1225 2672 emur

130 2687 221 2736 intereo
238 2700 337 2749 propere
353 2685 516 2747 precucurrit.
549 2684 593 2734 Ita
605 2686 670 2736 citet
680 2686 827 2751 Priscianus
840 2699 868 2734 x.
880 2699 906 2747 p.
917 2688 975 2733 901.
992 2692 1021 2732 et
1040 2685 1079 2736 ric
1100 2687 1139 2737 ibi
1149 2687 1225 2737 codor

131 2761 214 2800 vetur.
247 2751 337 2799 Nostri
349 2764 447 2806 omner,
460 2750 514 2799 Uro
523 2751 618 2799 illorum
626 2750 695 2810 sorte
709 2751 800 2799 intereo
812 2763 910 2814 propere
927 2748 1064 2810 procurrit.
1101 2752 1226 2800 Voiebnrt

131 2814 157 2863 bi
169 2815 345 2876 correctores,
351 2828 449 2877 propere
460 2814 545 2863 currit.
563 2815 594 2864 ln
605 2815 723 2864 Petrenri
732 2813 806 2863 deest
813 2812 929 2877 propere.’
942 2814 1022 2862 Bent.
1039 2813 1224 2866 ‘Praecnerrrrit

133 2878 198 2930 bier.
211 2877 300 2928 Leidd.
312 2878 432 2943 quinque,
443 2884 471 2926 et
488 2878 531 2927 Tr.
549 2894 606 2928 curu
618 2880 678 2928 edd.
692 2879 881 2940 vetustissimis,
891 2878 1008 2938 Venetis,
1020 2876 1138 2941 Argent.
1155 2881 1225 2930 Tm.

134 2943 190 2992 ΕΑ.
202 2941 326 3005 St.,Aidi,
339 2942 459 3006 Grypbii,
469 2943 586 3003 eiiorum,
597 2943 731 3005 procurrit.
744 2942 874 2992 Priscian.
889 2941 952 2990 inst.
965 2941 1060 2992 (irum.
1071 2946 1087 2992 t.
1100 2958 1130 2994 x.
1141 2960 1224 3008 prece·

132 3008 216 3068 currit,
228 3007 295 3072 quod
307 3016 334 3056 et
347 3008 392 3055 Fe.
405 3005 521 3056 defendit
533 3022 567 3056 ex
579 3009 653 3057 Beru.
663 3009 725 3057 Ber.
736 3008 850 3071 aliisque.
877 3005 991 3055 Videtur
1003 3014 1094 3056 eutem
1104 3008 1225 3072 precurrit

135 3071 166 3120 ud
185 3087 292 3120 remum
305 3072 403 3128 melius,
422 3071 484 3135 quie
502 3075 637 3134 proecersit
653 3072 660 3099 ‘
679 3070 825 3128 exclamat?
842 3077 869 3120 et
888 3086 948 3118 mox
968 3071 1090 3132 requitur
1117 3077 1125 3102 ‘
1145 3086 1226 3124 conoe·

125 3135 229 3200 'qnon''
247 3137 321 3184 Wert.
328 3135 396 3194 sorte
404 3138 533 3198 preeunte
540 3137 585 3185 Br.
596 3152 642 3184 uno
647 3135 714 3194 forte
722 3135 1083 3198 intereo...praecucurritBotb.
1094 3138 1172 3202 qnie‘
1179 3137 1225 3188 rui·

133 3207 210 3261 gutur
224 3200 381 3260 precucurrit
396 3200 518 3258 nuntiem,
529 3208 635 3249 retente
647 3200 798 3249 Prisciano:
823 3215 882 3249 narn
894 3207 938 3247 aut
949 3200 1088 3250 rurtiairerr
1099 3203 1226 3253 cerini-de·

134 3261 199 3323 buit,
210 3269 263 3322 eut,
275 3262 342 3326 qnod
354 3264 456 3310 omnino
469 3264 549 3324 magis
558 3265 652 3326 piacet,
664 3266 768 3314 nuntiet.
796 3265 875 3324 Forte,
887 3263 954 3327 quod
967 3263 1046 3325 vulgo
1058 3265 1226 3328 desideretur,

134 3333 267 3389 comperet
279 3326 304 3374 in
322 3326 416 3374 nostrie
428 3326 543 3375 omnibus
555 3333 582 3375 et
593 3328 692 3377 Mureti
702 3330 822 3378 editione.
856 3329 996 3391 Vuigetunr
1007 3328 1108 3379 iliorum
1119 3338 1226 3394 portori

127 3405 167 3440 ex
178 3391 272 3453 iuterp.
284 3388 407 3438 infertum
425 3404 491 3451 erse,
502 3404 590 3439 remur
607 3400 647 3441 est
658 3393 838 3442 indicio.’—li
855 3393 897 3440 Me
907 3392 994 3441 eidirre
1011 3407 1080 3442 unns
1092 3396 1147 3445 Me.
1160 3396 1225 3446 Bred-

133 3456 203 3516 irujue
214 3455 290 3505 Both.
310 3454 400 3502 emendi
411 3453 454 3504 Br.
475 3461 502 3502 et
520 3469 568 3518 pro
580 3471 604 3503 v.
615 3457 632 3506 Ι.
643 3457 747 3519 uidendi,
756 3458 863 3507 oiderrdoe
876 3455 964 3506 Gueif.
977 3461 1000 3505 l.
1017 3462 1087 3507 rectu
1098 3461 1140 3508 niu
1157 3474 1224 3509 corre

127 3534 192 3583 ‘quor
202 3518 291 3570 Gneif.
303 3523 393 3568 3.-13
413 3519 453 3568 Ne
464 3519 507 3568 hic
517 3521 618 3583 quidem
632 3523 778 3571 trochaicus
789 3528 850 3580 etat,
863 3522 910 3569 nisi
924 3520 955 3568 ad
967 3521 1112 3572 tectionem
1123 3525 1194 3574 Bem.
1203 3527 1225 3570 et

134 3586 203 3636 vict.
215 3584 376 3641 emendetur,
387 3584 515 3646 Portquum
531 3585 595 3633 intro
614 3587 707 3647 odeeni,
718 3589 834 3649 extempio
844 3584 894 3643 einr
904 3585 1016 3634 utorium.
1044 3588 1090 3636 Fe.
1134 3588 1225 3645 Sici'e.

135 3649 349 3700 extremuerit:
368 3647 413 3698 red
424 3655 598 3698 correctorem
615 3650 691 3711 oepit.
725 3651 816 3699 Nostri
828 3652 895 3698 enim
908 3650 1022 3698 universi
1033 3657 1064 3699 et
1073 3652 1121 3701 eiii
1131 3652 1225 3717 ubique,

134 3715 264 3778 Poetpuuor
273 3713 364 3763 iritroe'i.
396 3713 483 3774 Forte,
500 3713 629 3776 Postquam
639 3713 745 3776 introiri,
755 3713 885 3778 extempulo
895 3714 944 3775 eice
959 3715 1068 3764 morbum
1076 3719 1178 3778 cogroui
1187 3716 1224 3765 rri-

134 3793 179 3827 eer.
198 3788 226 3828 ut
236 3780 343 3828 Plautus
354 3791 435 3840 eaepe,
446 3777 504 3826 Ani.
517 3790 537 3826 ι.
548 3781 573 3827 i.
586 3781 625 3826 lb.
637 3784 645 3805 ‘
655 3779 680 3827 N
683 3794 722 3826 arn
734 3781 754 3827 ri
764 3779 829 3841 iguis
841 3779 918 3840 vivet,
927 3787 956 3827 tu
965 3778 1123 3843 extinguere
1135 3795 1224 3830 extem·

135 3842 214 3905 pulc?
230 3844 303 3893 Beni.
320 3843 384 3891 iutro
402 3841 488 3890 odeerd
506 3842 567 3904 Bip.
583 3841 661 3892 Botb.
679 3843 748 3892 Peri.
765 3843 848 3893 introii
861 3843 906 3892 er.
924 3841 991 3892 GM.
1009 3847 1019 3871 ‘
1034 3845 1087 3906 einr
1105 3846 1158 3896 duo
1169 3847 1223 3896 Mor·

35 3955 38 3962 ,
136 3907 276 3958 omittunt!
284 3908 426 3956 Buri-14
439 3907 509 3968 Lege
518 3921 547 3954 ec
556 3906 702 3970 distingne3
719 3908 826 3956 uteeiure
833 3911 995 3970 porret,·etce
1005 3922 1046 3957 rer
1055 3911 1223 3974 moretur

135 3968 330 4020 Auditum.
341 3970 579 4035 ‘Nequoportuiem
589 3972 634 4020 rbr
643 3973 709 4031 te‚ni
719 3973 773 4035 iper
781 3985 821 4019 rer
829 3978 942 4020 monent.
954 3971 1025 4022 Quid
1033 3973 1101 4022 erti'
1113 3977 1166 4026 ‘Ut
1174 3986 1223 4040 por·

136 4041 177 4081 ret
188 4035 273 4083 celere
286 4035 401 4085 morbum
409 4035 424 4095 ς’
433 4049 498 4084 uxor
508 4035 625 4097 scilieet3
641 4051 716 4100 quum
727 4036 814 4085 rtatim
824 4036 889 4084 odiit
898 4035 1067 4088 orcnirturue.
1088 4039 1147 4089 Nisi
1157 4041 1223 4088 crim

136 4097 238 4159 legerit,
250 4097 306 4160 ipro
316 4098 514 4163 dtrjurpendnm
527 4101 604 4149 erite
617 4101 670 4150 iter.
687 4101 764 4151 Bent.
789 4101 894 4150 Frustra
910 4106 994 4150 mutat
1013 4101 1041 4150 irr
1059 4104 1138 4152 cetere
1154 4105 1231 4155 Bene.

131 4161 259 4226 Rip-ii
272 4162 547 4215 marmoreorum.
562 4165 688 4228 ‘corneo-i
694 4168 884 4232 perordrmner
892 4165 956 4215 Mor.
969 4175 1034 4216 nnus
1042 4166 1222 4231 ipri.'Boeci.-
