2678 4694
376 313 641 373 anuneuonuu
669 325 749 374 eor.
772 314 831 376 iu.
852 325 903 374 sc.
929 326 968 374 ιι.
1145 313 1213 378 715

106 463 345 541 Patiamurne,
359 484 403 529 an
416 479 587 531 narremus
603 467 775 552 cuipiam?
821 469 913 534 Ceu.
935 470 1011 535 Au!
1033 472 1079 536 mi
1100 473 1211 549 homo,

248 584 395 630 sanusne
412 570 476 631 esi

104 665 164 733 An
180 667 247 733 hoo
262 668 490 753 proferendum
505 669 565 734 tibi
580 670 714 735 videtur
728 691 871 754 nsquam
886 674 987 737 esset
1033 671 1102 739 Gu.
1126 673 1212 744 Mihi

245 756 379 853 quidem
396 789 462 833 non
477 771 600 853 placet.

100 871 190 938 Jum
206 873 361 956 primum,
377 872 471 936 illum
487 872 597 936 alieno
612 873 725 938 animo
740 892 762 937 a
774 874 872 937 nobis
887 893 976 951 esse,
998 893 1051 938 res
1070 876 1149 958 ipsa
1162 876 1211 939 in-

245 973 345 1037 dicat.
1059 1013 1061 1018 ·
1167 979 1211 1041 40

115 1075 223 1142 Nunc
237 1075 268 1138 si
282 1074 347 1138 hoc
363 1075 475 1156 palam
491 1075 698 1157 proferimuS,
711 1076 766 1140 ille
781 1076 912 1140 inficias
927 1076 1001 1153 ibit,
1017 1083 1070 1140 sat
1085 1078 1168 1143 scio.

108 1177 188 1241 Tua
202 1176 305 1252 famu,
316 1182 351 1238 et
367 1181 473 1256 gnatae
489 1176 569 1253 rita,
583 1176 619 1238 in
634 1175 772 1239 dubium
786 1178 909 1242 reniet:
925 1182 995 1241 tum
1011 1178 1040 1241 si
1055 1198 1212 1244 maxume

109 1276 288 1352 Fateatur,
303 1295 378 1339 cum
392 1281 483 1340 amet
497 1275 612 1354 aliam,
627 1297 694 1341 nou
709 1284 761 1342 est
775 1280 856 1342 utile
869 1279 955 1343 hunc
970 1280 1020 1343 itti
1036 1279 1125 1344 dari:

106 1377 330 1461 Quapropter
344 1396 482 1459 quoquo
505 1386 607 1460 pacto
629 1379 732 1445 tacito
754 1389 807 1444 est
829 1389 926 1462 opus.
971 1380 1033 1445 So.
1056 1380 1129 1446 Ant
1151 1384 1213 1448 mi·
1299 1435 1301 1439 ,

241 1479 330 1541 nimo
344 1479 509 1558 gentium:
1071 1488 1073 1492 '

105 1686 188 1736 uitium
197 1699 285 1748 quare,
297 1686 441 1746 auferamus
451 1702 503 1736 curu
512 1687 606 1736 cilentio
618 1687 661 1736 ioc
672 1688 768 1749 molum,
780 1705 812 1738 au
822 1689 894 1739 alicui
904 1691 1105 1740 communicemus.
1139 1691 1210 1743 cur.

108 1751 180 1809 Hau,
195 1751 231 1798 uri
250 1750 325 1809 tomo,
339 1765 458 1812 compoeue
474 1753 559 1800 mentio
576 1749 620 1801 ee?
652 1752 693 1800 Ae
704 1753 746 1800 icc
758 1754 836 1803 oeriie
846 1756 999 1817 detegendum
1010 1770 1059 1805 eece
1069 1757 1116 1804 ulio
1127 1757 1153 1805 in
1162 1758 1211 1806 ioco

105 1821 203 1865 mea?
235 1814 288 1864 Gn.
305 1814 371 1863 Mitti
381 1815 474 1876 quidem
485 1831 531 1864 ooo
542 1816 634 1864 ridetur
650 1831 698 1864 eece
713 1817 884 1879 proferendum,
915 1820 972 1868 dam
988 1820 1091 1882 primum
1109 1835 1211 1871 amorem

104 1893 173 1928 uuum
186 1895 203 1927 a
212 1877 279 1927 nobie
288 1881 409 1941 auertiue,
420 1895 445 1927 re
456 1880 507 1942 ipra
519 1879 584 1928 uobis
594 1879 746 1939 manifestum
757 1889 862 1943 apparet.
897 1885 965 1931 Nunc
975 1883 997 1931 ei
1007 1885 1050 1932 iroc
1057 1885 1211 1947 divulgemus,

105 1943 148 1992 ure
156 1942 307 2006 perurgebit,
321 1943 390 2004 prote
404 1946 460 2004 ecio,
478 1959 503 1992 oe
518 1949 636 2005 stuprosae
657 1945 820 2007 Pomptttam:
841 1953 881 1995 tun
892 1948 1045 2008 existimatio,
1056 1955 1079 1998 et
1089 1951 1152 1998 miue
1161 1955 1209 1998 tua

99 2007 165 2071 filia
175 2009 202 2055 in
220 2008 349 2071 periculum
359 2009 503 2056 adducetur:
519 2013 568 2056 tum
579 2008 672 2057 etiamsi
680 2008 790 2068 fateatur
800 2025 851 2059 eam
862 2012 967 2072 oitiarre,
977 2027 1023 2060 nou
1033 2015 1139 2062 conducit
1150 2015 1210 2062 ioue

104 2071 143 2122 iiii
152 2071 249 2129 meere,
260 2073 351 2134 quando
362 2072 433 2120 oliam
443 2072 490 2120 eibi
506 2071 606 2120 amicum
620 2075 738 2122 cumrerit.
772 2075 936 2136 Quamobrem,
955 2077 1033 2139 querit
1049 2081 1124 2138 modo,
1139 2079 1210 2126 ciiere

105 2135 286 2200 iutudoportet.
312 2136 359 2185 So.
375 2134 437 2186 At!
452 2137 587 2200 neutiquam
606 2134 896 2199 idfaciam,uoutaeebo.
930 2139 983 2189 Gn.
1003 2140 1067 2195 Quid
1078 2143 1113 2189 oie
1123 2147 1211 2204 agere?

518 2263 521 2266 ’
570 2276 755 2297 omnnem

106 2379 172 2425 -87
192 2375 303 2425 Comuic.
319 2376 384 2425 Mes.
397 2375 499 2440 qnidam
512 2387 539 2427 et
551 2378 610 2428 edd.
628 2385 693 2428 vett.
707 2380 819 2443 prospice.
851 2379 934 2428 Semo
946 2387 973 2428 et
985 2386 1069 2430 metro
1081 2380 1157 2443 piune
1168 2396 1211 2431 eo·

107 2440 176 2490 dem.
197 2440 276 2491 Weet.
310 2440 360 2490 Do.
372 2450 399 2489 et
413 2455 500 2489 ornnes
513 2450 641 2506 quotquot
653 2454 713 2492 eunt
726 2445 741 2492 Ι.
754 2458 775 2492 s.
795 2450 889 2506 praeter
901 2443 932 2492 V.
948 2459 1019 2507 porro
1035 2445 1147 2508 prospice.
1164 2448 1210 2498 Fu.

105 2499 172 2553 ‘ries
185 2519 219 2551 ex
231 2503 324 2553 uostris
334 2505 463 2553 veterrimi
473 2508 571 2556 concute.
589 2509 679 2557 Recte.
697 2509 837 2558 Reum—38
849 2507 907 2557 Au!
918 2511 950 2556 mi
962 2510 1035 2557 homo.
1066 2510 1133 2559 Haec
1145 2525 1210 2573 prae·

106 2576 148 2617 ter
157 2576 275 2617 mentem
292 2568 388 2618 Donati
404 2570 431 2616 iu
445 2570 508 2618 Mes.
522 2571 672 2633 quibusdam
685 2579 713 2620 et
724 2571 784 2619 edd.
795 2573 902 2620 vetustis
915 2574 1040 2621 Soetrutae
1053 2574 1210 2623 tribuuntur.

109 2631 189 2682 moe.
218 2632 367 2695 [tegendum
389 2633 478 2682 monet
491 2635 567 2682 Beut.
584 2635 717 2691 Patiamur,
727 2635 814 2683 demto
824 2650 862 2684 ue.
884 2637 938 2683 ‘Aa
949 2651 988 2689 uu,
999 2639 1032 2683 mi
1042 2635 1119 2697 tomo]
1135 2637 1210 2686 Bem.

103 2695 148 2745 Vi.
162 2703 191 2744 et
204 2696 257 2744 Do.
268 2697 348 2745 semel
359 2703 461 2745 taurum
474 2712 504 2745 au
516 2697 632 2746 habent!
652 2700 694 2747 Fa.
729 2699 819 2746 Nostri
833 2713 882 2745 nno
895 2706 1005 2761 excepto
1017 2714 1104 2747 ornnes
1115 2700 1211 2750 Aaou:

103 2774 191 2825 neque
204 2760 342 2808 utiterum
354 2774 453 2809 versus.
472 2760 546 2810 Beut.
568 2762 714 2810 Patiomur.
724 2796 746 2811 ..
759 2796 765 2810 .
777 2765 824 2820 Aa,
836 2777 867 2809 ou
878 2763 954 2811 Both.
981 2765 1029 2822 Au,
1038 2778 1079 2823 ou,
1089 2767 1122 2812 mi
1129 2765 1210 2815 torm.-

104 2829 177 2874 κω
186 2839 233 2873 nou
244 2830 278 2872 ee.
312 2825 355 2872 Br.
369 2825 412 2886 qui
425 2825 502 2874 etiarn
515 2825 571 2873 haec
583 2828 706 2874 Sostratae
717 2826 816 2873 tribuit.
844 2825 893 2885 Au,
905 2840 935 2873 ou
948 2859 954 2872 .
965 2859 986 2874 ..
998 2841 1071 2874 eoum
1081 2833 1120 2875 ee?
1136 2829 1208 2878 Peu.

104 2887 276 2950 Snuu’ueeet
291 2889 331 2937 rrrr.¹
361 2889 404 2936 Sic
417 2889 476 2952 Bip.
495 2903 552 2952 quae
572 2896 647 2938 notat
664 2889 833 2938 ‘retrahimus
852 2889 884 2938 ad
906 2891 1087 2952 integrandum
1105 2905 1208 2942 veroum

103 2951 1041 3083 matidii}itttt'titut‘tttitt‘gttttiitti
1055 2954 1209 3070 ituit

102 3081 189 3145 prime
200 3081 273 3143 hujus
284 3094 372 3128 versuo
384 3082 483 3143 syttubu
495 3082 519 3129 in
532 3053 724 3144 praecede’ntem
736 3097 835 3130 versum
846 3082 974 3145 rejicitur:
988 3097 1076 3130 versus
1086 3098 1145 3132 vero
1155 3092 1208 3135 unt

101 3141 211 3209 objecto
222 3158 245 3201 r.
262 3148 295 3193 ex
311 3145 448 3205 ‘videtum'
464 3146 526 3194 item
539 3162 571 3204 m,
583 3161 615 3194 ex
623 3152 640 3200 ,⁸
649 3145 773 3210 quidem,'
784 3149 899 3209 quumvis
911 3161 1054 3196 consonum
1066 3154 1208 3214 consequa·

102 3215 155 3261 tur.
174 3209 222 3258 Fu.
253 3208 342 3257 Nostri
356 3211 447 3270 partim
459 3224 624 3272 ereeuequom,
637 3213 730 3273 purtim
743 3226 840 3275 acquam
850 3225 908 3260 cere.
935 3211 986 3260 Sed
998 3227 1062 3261 unue
1074 3212 1107 3260 eii
1119 3214 1208 3277 Regiis

101 3275 155 3323 no'n
167 3273 248 3322 nabet
259 3287 324 3322 eree:
341 3273 407 3321 idem
420 3288 479 3321 cum
492 3275 573 3322 tribua
585 3275 640 3322 otiis
660 3276 829 3336 Proicrcudum
848 3278 898 3323 icoc.
932 3277 1002 3338 Lege
1014 3276 1054 3324 Au
1065 3278 1126 3339 pros.
1137 3277 1179 3327 hoc
1190 3280 1209 3327 t.

102 3333 514 3400 o.uequathiq,u.p.Beut.
548 3338 1046 3402 Aup.itoc....oidcturuuquum'iBr.
1081 3343 1209 3404 mpure
1252 3397 1256 3404 ,

102 3403 404 3465 ...Λίάιέκνωᾳυαπιῖ
425 3402 503 3450 Both.
536 3402 567 3450 P.
587 3403 732 3452 icoc....o.
752 3405 1007 3516 eceeueqmmrssig.
1041 3406 1095 3453 Titi
1113 3421 1209 3469 uuquam

102 3461 280 3516 mordetur?
295 3466 458 3527 nemu-to
476 3466 553 3527 Vulg.
570 3467 627 3513 Jum
639 3466 848 3528 frequentissimo
860 3482 956 3516 errore.
1001 3469 1048 3517 otiu.
1067 3471 1110 3532 qui
1130 3472 1209 3532 igitur

102 3525 150 3580 uu
162 3532 229 3579 Nom
238 3544 263 3592 p.
274 3531 352 3577 auimo
363 3530 429 3578 ilium
439 3529 523 3578 aiieuo.
553 3530 599 3577 Br.
611 3531 790 3580 abortu-41
809 3531 840 3578 In
852 3532 1001 3594 quibusdum
1016 3534 1080 3581 Mes.
1093 3540 1120 3581 et
1130 3534 1208 3583 editis

103 3595 219 3659 entiqnio
230 3594 270 3657 [in
284 3593 401 3643 Addend.
418 3601 543 3643 memorat
564 3594 597 3643 G.
617 3608 674 3641 cum
694 3597 747 3644 ET.
766 3602 793 3643 et
810 3597 884 3657 ΕΜ]
900 3603 939 3644 est
954 3597 1108 3658 proferemus.
1125 3592 1208 3648 Wee't,

102 3660 196 3709 Nostri
207 3672 296 3707 omues
308 3659 431 3706 mendose
441 3658 594 3720 proferemus.
612 3658 690 3706 Beut.
724 3660 875 3718 Profercruur
893 3661 939 3709 Br.
960 3662 1003 3723 qui
1023 3661 1100 3707 etium
1113 3661 1209 3711 nullam

103 3723 297 3773 diminutionem
309 3721 387 3770 habet
402 3730 460 3784 post
471 3723 526 3772 ecio.
561 3723 713 3781 Proferemur
725 3722 814 3772 Guett'.
835 3728 921 3772 1.-43
941 3726 1054 3787 Reponit
1068 3726 1143 3771 Bent.
1162 3740 1208 3776 uon

103 3788 210 3836 metite
221 3786 404 3847 ituimiitidori.
437 3788 483 3835 Br.
502 3787 566 3848 legit
584 3801 637 3834 cum
652 3788 894 3836 amat...iilidare.
930 3789 972 3838 ‘J.
984 3793 1055 3835 amat.
1068 3788 1131 3835 GM.
1141 3789 1207 3840 dore.

104 3852 153 3901 seu
174 3867 188 3900 e
206 3853 233 3900 in
252 3849 303 3898 fine
323 3858 449 3899 mutatum
463 3855 572 3912 apparet
585 3865 599 3898 u
610 3864 686 3898 moun
698 3852 807 3914 aiicujus
821 3851 951 3914 imperiti!
968 3853 1100 3899 Peri—44
1120 3854 1209 3904 Tacito.

104 3915 154 3965 Me.
166 3917 239 3979 Lipe.
251 3923 279 3963 et
291 3915 365 3962 Bodt.
379 3929 436 3963 rum
448 3915 600 3976 quibusdum
613 3915 672 3962 edd.
691 3923 756 3963 vett.
775 3914 857 3964 celato.
876 3915 958 3963 West.
994 3916 1143 3978 Quapropter
1153 3934 1208 3982 quo·

105 3995 147 4041 quo
164 3985 235 4043 paeto
246 3981 321 4027 ceiuto
331 3984 367 4028 eet
377 3994 444 4042 opus.
473 3980 545 4026 Beru.
559 3985 585 4027 et
597 3993 683 4027 ornnes
695 3977 751 4026 fere
764 3980 819 4040 alii,
830 3979 932 4026 tacito'rt
944 3993 1013 4041 opus:
1031 3988 1057 4026 et
1071 3981 1107 4028 itu
1119 3996 1207 4034 verene

106 4051 165 4106 rtet,
175 4046 252 4093 aliter
263 4057 323 4093 nou.
343 4042 388 4092 Fa.
422 4044 542 4104 Quinque
562 4057 593 4090 ex
606 4043 701 4091 nostris
713 4043 802 4091 tacito:
821 4044 906 4104 piures
917 4051 945 4091 et
958 4045 1113 4093 vetustiores
1124 4048 1206 4098 crinio.

108 4107 155 4157 cu
175 4109 224 4156 boc
246 4107 342 4172 placet,
360 4108 396 4154 itu
407 4107 488 4168 teget,
500 4108 650 4169 Quapropter
660 4122 746 4170 quoquo
753 4112 821 4170 pacto
832 4111 866 4154 eet
879 4108 951 4165 celato
961 4122 1026 4170 opor.
1060 4109 1101 4158 uu
1111 4112 1208 4161 minime

107 4172 220 4232 gentium.
236 4172 316 4221 Bent.
351 4170 447 4234 Quoquo
457 4171 530 4219 tacito
540 4177 609 4234 pacto
617 4177 653 4222 eet
662 4186 719 4234 opua
730 4172 821 4221 Baths
844 4169 984 4226 CeiotoBr.
1015 4172 1070 4223 um
1081 4174 1169 4226 Gneli.
1181 4180 1205 4224 8.
