2678 4694
114 307 179 376 586
486 325 519 371 r.
543 321 726 370 raanurrr
752 321 840 368 arar

116 466 169 532 Ita
184 464 338 530 attilium
353 484 464 530 meum
479 467 589 530 amico
604 473 705 548 atque
721 464 846 547 aeqnaii
863 481 927 525 suo

114 566 227 632 Video
243 566 413 644 inservire,
429 576 464 631 et
480 568 608 631 socium
623 586 699 629 esse
714 567 749 629 iu
764 565 930 645 negotiis;

116 667 151 732 N
154 686 194 730 os
210 687 344 750 quoque
360 688 461 732 senes
476 677 528 732 est
543 687 677 751 aequom
694 667 829 730 senibus
845 662 999 746 obsequi.

118 767 193 832 Mn.
216 766 287 831 Aut
302 789 366 850 ego
381 769 530 852 proiecto
544 770 676 850 ingenio
689 768 817 848 egregie
833 765 876 829 ad
892 764 1044 828 miserias

117 869 230 934 Natus
245 889 334 933 sum:
357 877 415 934 aut
427 870 510 933 iliud
525 871 646 933 salsum
661 874 721 945 est,
742 868 831 951 quod
847 867 944 948 volgo
960 863 1063 929 audio

116 971 206 1047 Dici,
219 970 307 1035 diem
322 972 466 1035 adimere
482 971 708 1054 aegritudinem
726 970 934 1033 homiuibus:

116 1071 151 1136 N
153 1091 206 1136 am
220 1074 300 1136 mihi
313 1073 447 1157 quidem
462 1073 609 1157 quotidie
625 1073 777 1153 augescit
792 1071 899 1152 magis

119 1174 174 1238 De
190 1173 259 1240 iiiio
276 1175 456 1258 aegritudo;
479 1183 513 1239 et
526 1182 650 1259 quanto
665 1173 790 1237 diutius

119 1275 238 1353 Abest,
253 1277 359 1357 magis
375 1277 476 1359 cupio
490 1282 594 1352 tanto,
610 1283 645 1339 et
659 1276 766 1354 magis
782 1271 945 1335 desidero.

120 1376 190 1441 Gir·
211 1377 279 1441 Sed
294 1379 405 1462 ipsum
420 1379 512 1442 foras
526 1397 695 1459 egressum
711 1375 826 1440 video:
848 1375 917 1450 ibo,
933 1372 1096 1455 alloquar.

122 1479 331 1558 Menedeme,
346 1482 459 1544 salve:
483 1481 631 1544 nuntium
647 1485 792 1560 apporto
807 1477 881 1551 tibi,

121 1579 228 1663 Cujus
242 1601 399 1646 maxume
413 1588 447 1645 te
460 1580 531 1645 fiori
548 1582 745 1666 participem
762 1578 873 1661 cupis.

123 1680 161 1743 M
167 1699 198 1746 a.
222 1683 314 1746 Num
330 1683 487 1766 quidnam
503 1683 544 1746 de
560 1689 660 1763 gnato
672 1700 749 1745 mco
764 1678 901 1754 audisti,
915 1675 1081 1740 Chremei
1173 1672 1208 1734 to

122 1779 190 1838 Grr.
212 1781 323 1851 Valet,
347 1791 449 1860 atque
474 1783 565 1842 vivit.
612 1782 685 1842 Ma.
711 1778 856 1842 Ubinam
875 1782 938 1855 est,
964 1776 1106 1859 quaesoi
1151 1771 1207 1837 Ga.

255 1877 358 1960 Apud
373 1898 425 1942 me
441 1877 543 1943 domi.
1243 1887 1249 1896 '

123 2049 198 2084 meum
225 2033 382 2097 Clitiphonem
404 2042 492 2097 merto
519 2036 660 2084 aaronica
691 2051 719 2083 ac
738 2039 807 2082 etate
825 2034 899 2096 parili
923 2033 1018 2090 citata,
1041 2033 1092 2093 qius
1105 2032 1170 2096 filio,
1190 2031 1211 2079 irr

123 2099 242 2146 omnibus:
258 2113 285 2147 eo
300 2099 371 2148 etium
389 2103 454 2148 modo
467 2101 561 2160 justam
579 2106 624 2156 eat,
640 2115 682 2148 nos
692 2114 757 2147 saus
767 2099 879 2147 inseruire
890 2099 990 2145 renibus.
1007 2098 1064 2144 uia.
1079 2099 1161 2155 Certe,
1174 2100 1209 2144 nu

123 2178 167 2224 ego
184 2165 250 2211 ruide
269 2179 284 2211 a
301 2170 387 2212 nutura
406 2171 552 2226 comparatas
569 2179 619 2212 sam
638 2167 669 2212 ad
687 2163 849 2223 infelicitatem
864 2162 1035 2224 perferendam,
1053 2166 1096 2208 arat
1107 2163 1213 2208 iiindncrr

123 2233 158 2277 esi
176 2242 256 2276 oerum
273 2229 332 2290 quod
346 2229 415 2276 audio
433 2231 498 2286 dicit
518 2229 616 2284 sciticet,
634 2235 722 2288 ternpus
739 2228 830 2288 auferre
848 2242 967 2275 moerorern
985 2225 1124 2273 horninibus.
1159 2224 1213 2272 Nun

123 2297 186 2340 certe
196 2297 297 2351 augetur
307 2292 410 2353 qrwtidie
421 2293 494 2340 animi
505 2294 610 2340 molestia
620 2307 689 2354 quam
700 2291 770 2340 babeo
782 2305 812 2339 etr
822 2290 1002 2354 absentiujiiii:
1018 2294 1052 2348 ei,
1069 2294 1157 2351 quanto
1171 2289 1212 2336 ion·

121 2357 178 2415 gius
188 2357 269 2403 absens
280 2361 324 2414 ert,
335 2361 401 2404 tanto
412 2357 494 2416 menori
508 2357 635 2420 cupiditate
645 2357 742 2420 amicior,
754 2356 845 2416 ejusque
861 2355 975 2403 desiderio
986 2358 1072 2402 teneor.
1107 2355 1161 2403 Cir.
1175 2351 1214 2400 Sed

124 2419 513 2532 bibiiiibb‘ibmaigsib
531 2418 1165 2533 ‘tititibittittiitiitb‘tmttit·
1195 2416 1214 2470 ⁰

123 2561 178 2609 pere
187 2517 316 2595 deside’rus.
350 2549 405 2597 Ma.
421 2521 449 2595 ’0
462 2499 569 2608 (iirbbu,
579 2512 654 2596 abnue
665 2548 754 2610 diquid
764 2500 980 2607 sesacnri'refiqiir
994 2497 1095 2596 clb‘tar
1114 2495 1216 2595 (iffi

124 2614 223 2659 nusett.
257 2611 312 2658 Ma.
332 2611 443 2673 Obsecro,
455 2611 558 2659 ubiestt
590 2612 644 2660 Cu.
663 2610 811 2660 Domimeoe.
833 2612 901 2659 'Mra
919 2611 993 2659 Domi
1005 2614 1217 2674 ranengias

585 2754 761 2775 mmm}

124 2857 142 2901 fl
153 2852 196 2900 Vi.
204 2851 265 2900 Bas.
273 2850 333 2912 Bip.
344 2850 439 2914 Deipir.
452 2851 619 2901 itemst—li
634 2851 778 2899 Painrerius
791 2851 904 2901 solicitat
913 2851 942 2900 rb
952 2853 1058 2912 ingenio,
1067 2849 1216 2902 ineturiici·

126 2916 216 2966 datius.
242 2916 274 2963 In
294 2917 367 2963 Bem.
385 2923 412 2963 et
427 2915 580 2978 quibusdam
598 2915 655 2962 aiiis
667 2916 729 2964 iibir.
741 2925 791 2976 est,
803 2917 897 2976 ingenio
908 2917 1013 2978 egregio.
1043 2918 1110 2965 Mss.
1123 2927 1150 2967 et
1160 2913 1218 2964 editi

127 2981 230 3044 quidam
249 2981 280 3027 ad
298 2979 426 3026 miserium.
445 2980 526 3026 West.
557 2979 683 3039 ‘Egregie
696 2982 727 3027 ud
745 2981 872 3030 miserium.
906 2980 1050 3042 Perspicua
1064 2981 1125 3028 ruiiri
1137 2981 1218 3028 melior

126 3045 229 3093 ridetur
246 3044 309 3092 lect.
330 3042 388 3089 iibri
410 3043 483 3091 Bam.
500 3042 598 3102 egregio
612 3044 644 3089 nd
660 3044 781 3093 miserius:
797 3059 855 3108 quar
867 3044 958 3102 dictio,
973 3045 1090 3104 miseriae
1109 3047 1186 3094 etiarn
1196 3043 1218 3090 iu

126 3109 171 3156 lib.
189 3109 336 3156 Decurtato
348 3104 401 3153 ert'
421 3106 465 3154 Fu.
499 3107 507 3133 ‘
522 3107 610 3155 Nostri
623 3121 720 3167 omues,
732 3123 782 3155 uuo
794 3109 938 3157 recentiore
951 3117 1073 3171 excepto,
1089 3110 1220 3164 miseriam

127 3171 281 3233 etpierique
293 3170 395 3230 egregie.
429 3169 556 3234 Equidem
568 3171 1016 3234 mnenanuicpraetuierimssBene.
1051 3174 1220 3235 ‘Vuigegrr-

125 3237 177 3295 gio,
195 3242 303 3297 quatuor
314 3233 438 3294 deinceps
450 3234 552 3282 vocibus
563 3251 576 3282 o
589 3236 664 3283 ittera
683 3238 835 3294 ternrinatis,
851 3236 919 3285 baud
939 3251 985 3298 pro
1004 3238 1163 3286 Terentiana
1173 3237 1220 3286 oie·

127 3299 223 3362 gautin.
256 3297 382 3345 Miseritum
402 3297 433 3358 Α,
453 3299 512 3347 Hei.
533 3301 599 3360 vulg.
617 3300 735 3360 maedus,
755 3305 836 3349 minus
854 3299 1050 3362 significanter.'
1083 3302 1160 3350 Botis.
1182 3296 1221 3365 qni

128 3379 186 3413 cum
203 3363 252 3410 hoc
270 3376 306 3409 rs.
322 3375 412 3410 novam
425 3377 527 3411 scenam
540 3364 639 3426 incipit.
672 3365 798 3413 Mirer-ium
810 3365 873 3413 dant
888 3367 931 3412 itr.
943 3364 1081 3413 Peri-it
1098 3365 1220 3429 Equidem

129 3430 170 3477 rix
181 3426 335 3475 crediderim
347 3427 479 3474 admisisse
490 3428 651 3489 Tarentum,
670 3437 699 3476 ut
709 3429 780 3490 diem,
792 3429 860 3492 quod
880 3429 905 3477 in
926 3428 1047 3490 Empirasi
1059 3443 1118 3478 esse
1129 3429 1222 3489 debuit,

127 3495 183 3541 siue
196 3499 304 3541 accentu
323 3491 395 3554 quasi
413 3500 511 3539 crurum
532 3492 711 3540 transmiserit.
744 3494 864 3540 Fortasse
880 3494 940 3540 oiim
953 3493 1126 3540 correctorias
1137 3504 1221 3542 manus

129 3571 220 3621 passus
233 3563 273 3604 est
285 3555 324 3603 iric
337 3557 416 3603 iocus.
449 3556 518 3603 Vide
536 3571 567 3603 an
589 3557 625 3602 sic
646 3556 736 3604 rueiiur
747 3557 856 3604 exierit:
873 3556 925 3605 Aut
945 3570 988 3616 ego
1004 3555 1112 3618 profecto
1133 3556 1222 3618 ingenis

128 3622 223 3684 egregio
234 3622 265 3669 ad
275 3620 394 3668 miseriam
405 3620 473 3679 Sum,
484 3625 524 3667 aut
535 3621 593 3668 iitnd
603 3618 728 3678 suisuurrt,
746 3622 814 3680 nugo
824 3622 885 3682 quod
901 3619 1039 3678 disiunctio,
1052 3621 1123 3668 Diern
1135 3622 1221 3670 tandein
1242 3661 1245 3664 .

128 3688 231 3736 adinrere
247 3685 413 3745 egritudinem
429 3684 542 3731 crinibus.
559 3684 637 3732 Bent.
671 3683 769 3746 ‘Vuig.
789 3685 927 3743 Dicidicrn,
944 3698 995 3746 quo
1006 3684 1101 3734 merito
1113 3683 1221 3734 offensus

129 3752 235 3800 criticus
247 3748 345 3810 Arrgius
358 3751 483 3810 expunxit
495 3748 561 3808 Dici,
573 3749 749 3810 reposuitque,
762 3749 833 3797 Diem
844 3751 947 3807 scadan,
964 3748 1109 3797 durissime.
1144 3749 1196 3798 Scri

130 3815 207 3863 siurus
227 3822 312 3863 autern
334 3811 391 3871 Die,
408 3818 523 3859 veterum
544 3825 630 3860 more:
649 3827 706 3861 nam
724 3812 783 3861 Diei
803 3827 904 3873 semper
924 3812 1053 3860 baccbeus
1074 3811 1135 3863 est.’
1156 3762 1232 3876 aab·

132 3879 221 3927 Dicere
240 3873 329 3926 Gueif.
349 3880 439 3926 2.-14
456 3875 505 3923 Ma.
528 3874 597 3937 Lips.
616 3883 642 3924 et
665 3876 721 3925 EA.
744 3890 793 3924 nou
817 3884 962 3936 agnoscunt
980 3875 1008 3923 rb
1026 3876 1128 3937 quidem.
1146 3878 1223 3924 west.

50 3967 53 3973 >
131 3942 215 3991 Abest
226 3941 272 3988 Br.
284 3938 373 3990 Gueif.
386 3943 475 3988 2.-15
495 3938 577 3988 Abest
596 3945 619 3988 et
639 3941 683 3989 Br.
705 3941 825 3994 Quantum
843 3939 934 3989 Gueii.
946 3945 1039 3990 2.-16
1056 3941 1142 4002 Magis
1152 3939 1222 4002 capio.

134 4007 199 4056 uae
210 4004 304 4054 absunt
315 4019 329 4052 a
341 4005 378 4053 Μ.
399 4004 541 4055 Wert.-1'i
558 4003 654 4053 ‘Adibo
665 4009 734 4067 atque
744 4005 847 4066 alloquar
866 4005 899 4054 G.
919 4003 990 4052 EM!
1011 4004 1087 4054 West.
1121 4004 1223 4063 ‘Adita

132 4071 245 4131 alloquar.
264 4069 337 4117 Beru.
350 4075 377 4117 et
389 4069 449 4119 Bas.
465 4067 517 4116 ibo:
534 4069 602 4131 quod
623 4072 705 4130 magis
720 4071 804 4116 versui
821 4068 919 4118 servit!
936 4068 981 4117 Fu.
1015 4067 1114 4117 Omnes
1144 4080 1223 4132 uoquo

134 4134 211 4186 Beni.
226 4132 273 4196 ito,
286 4134 400 4196 abacos.
434 4133 511 4184 Adibo
526 4139 598 4198 utque
608 4131 698 4197 Gueii.
709 4136 798 4186 2.-21
817 4133 872 4184 Mn.
890 4133 975 4189 Quen
985 4130 1097 4187 abnam?
1158 4134 1223 4187 .i.s.
