2678 4694
314 293 548 342 ruonumuis
573 294 654 342 son.
679 293 727 341 ru.
752 293 803 340 sc.
829 292 883 339 ιιι.
1079 269 1147 335 ool

52 436 127 503 Au.
151 432 256 500 Satiu’
271 434 320 499 illi
336 435 383 499 Di
399 442 478 510 suut
492 435 653 518 propitiil
697 434 765 499 Gu.
788 434 878 498 Nam
895 438 948 499 sat
963 431 1048 508 scio,
1082 481 1086 490 .

56 539 95 604 Si
111 543 145 602 tu
163 537 310 620 aliquam
323 542 451 620 partem
468 538 717 622 aequibonique
734 537 874 615 dixeris,

53 639 108 704 Ut
123 625 176 702 est
192 639 247 703 ille
260 639 367 702 bouus
381 637 444 716 nir,
459 638 524 702 tria
536 656 604 702 non
619 639 870 718 comnsutabitis

53 741 172 806 Verba
185 739 283 803 hodio
298 739 384 801 inter
394 759 470 803 vos.
513 738 581 802 Du.
605 737 691 816 Quis
707 747 739 803 te
755 739 854 803 istaeo
865 738 969 820 jussit
981 736 1098 820 loquil

55 843 178 911 cuno.
201 843 309 906 Immo
323 861 394 905 non
404 843 514 924 potuit
528 843 645 906 melius
660 842 860 925 pervenirier
1082 876 1085 883 ·
1103 832 1149 902 85

55 947 122 1023 Eo,
137 965 205 1029 quo
219 964 279 1007 uos
294 944 456 1007 volumus·
492 939 572 1006 Ἀιικ
588 941 727 1008 Occidi!
771 941 892 1006 Cultu.
908 941 1013 1023 Perge
1027 940 1148 1022 eloqui.

55 1047 127 1113 Gn.
142 1046 175 1112 A
189 1046 295 1131 primo
309 1044 409 1117 homo
424 1044 600 1109 insanibat
623 1042 743 1109 Onus.
759 1042 863 1124 Cedo,
874 1043 956 1128 quid
971 1040 1148 1126 postulati

57 1225 113 1278 Αιι.
131 1224 477 1281 SutisneiliiPlornioriDii
492 1225 686 1288 misereatui
718 1225 768 1275 Gn·
786 1223 931 1288 Nocturnis
942 1222 1000 1286 sen,
1011 1218 1152 1284 sioqssitoti

56 1296 218 1346 consentaneo,
229 1293 250 1339 si
268 1306 333 1354 oequu
344 1292 436 1339 tantulo
447 1307 477 1340 sa·
491 1297 560 1354 purte
575 1289 715 1354 poposceris,
732 1305 761 1339 ne
777 1289 873 1337 minima
883 1289 983 1351 quidem,
997 1292 1024 1335 ot
1035 1287 1100 1334 domo
1116 1288 1152 1335 esi

56 1356 179 1420 oeqrsdntis
189 1370 277 1412 omaus,
289 1357 417 1409 intercedet
425 1356 547 1405 altercatio
558 1356 621 1405 inter
630 1371 669 1404 oos
676 1354 753 1403 lodis.
786 1354 840 1402 Du.
858 1353 919 1407 stis
929 1352 975 1404 tibi
982 1351 1024 1400 ltoc
1033 1350 1153 1410 negotium

57 1422 134 1480 dedu,
143 1425 171 1469 ot
181 1422 239 1468 tolio
247 1418 354 1470 ductes?
385 1420 438 1469 Cu.
457 1421 520 1475 Geta
529 1426 592 1469 recte
596 1420 677 1480 ferit5
693 1434 736 1468 non
746 1418 823 1481 potnit
830 1418 968 1470 omnmodins
978 1416 1049 1478 loqui,
1058 1415 1089 1462 od
1098 1427 1154 1461 con·

56 1487 198 1547 sequendum
209 1484 234 1532 id
244 1486 304 1546 quod
314 1480 426 1546 cupitum.
461 1483 513 1532 An.
531 1485 608 1533 Perii.
637 1483 688 1533 Cn.
707 1481 1061 1543 Perge,continourermonem.
1098 1475 1152 1526 Gn.

57 1548 560 1612 Atprinsolomostultsnriltiloqssbator.
595 1548 647 1599 Cu.
663 1548 711 1598 Dic
727 1545 796 1610 milti,
814 1544 872 1609 qnid
888 1544 966 1608 petit?
998 1542 1050 1594 Gtt.
1069 1538 1153 1599 Quot

58 1773 114 1829 Ms·
122 1772 195 1836 Lips.
206 1774 337 1833 etBoend.
348 1774 386 1823 sir
397 1774 476 1824 mnus.
494 1776 579 1824 West.
611 1775 695 1825 Utilis
705 1780 741 1823 cst
752 1773 824 1824 lonso
832 1773 878 1822 nir.
896 1770 931 1822 0.
942 1772 960 1822 l.
972 1786 993 1822 s.
1003 1770 1106 1832 babent,
1121 1771 1156 1822 Ut

58 1837 155 1890 utilia
173 1839 217 1887 Fu.
251 1839 326 1892 CCC.
339 1845 367 1888 et
376 1839 639 1901 altereMesdianis,
653 1841 686 1888 Ut
700 1840 741 1888 ille
755 1843 798 1888 est.
816 1838 892 1887 Boot.
923 1836 1035 1886 Bothius
1045 1836 1108 1899 legit
1121 1838 1157 1887 Ut

59 1904 134 1961 Mass
144 1902 184 1952 illc
194 1908 230 1953 est
241 1904 350 1952 νέα-36
368 1902 452 1954 Abest
466 1904 541 1952 Immo
552 1919 566 1952 s
578 1902 666 1954 Guelf.
677 1907 767 1954 s.-so
784 1903 836 1953 Cu.
854 1904 934 1963 Perge
944 1902 1027 1964 eloqui.
1051 1901 1117 1950 Haec
1128 1901 1159 1950 im

60 1965 138 2018 codd.
150 1967 302 2031 quibusdam
314 1969 473 2030 Demiphoni
485 1969 641 2031 tribuuntur,
651 1976 680 2017 ut
691 1975 719 2018 et
730 1969 783 2030 illa,
800 1970 808 1997 ‘
818 1966 900 2030 Cedo,
909 1966 970 2029 quid
985 1965 1117 2028 postulet,'
1128 1973 1157 2016 et

60 2029 149 2092 fote:
165 2038 192 2081 et
208 2031 412 2083 ‘Immo-malum
424 2033 526 2082 hercle:
544 2039 574 2086 ut
586 2034 648 2083 nihil
661 2033 763 2095 pudetl’
786 2032 861 2082 West.
893 2032 972 2091 Perge
982 2031 1056 2093 eloqui
1067 2032 1158 2079 Demi·

99 2096 142 2158 nui
153 2095 244 2149 tribuit
254 2097 301 2145 Br.
317 2097 403 2160 Loqui,
415 2112 461 2159 pro
472 2099 548 2160 eloqui
558 2097 647 2147 Guelf.
656 2101 743 2145 2.-37
761 2096 784 2145 Δ
795 2097 879 2157 primo.
896 2095 984 2143 Proba
993 2095 1081 2142 lectio.
1093 2095 1157 2154 Mos.

94 2159 154 2210 ,To
166 2159 201 2212 G·
215 2161 274 2209 Wit.
287 2162 379 2210 Boend.
397 2161 433 2210 Ar
450 2163 542 2223 prima·
560 2161 648 2223 Atque
660 2161 697 2208 ita
707 2159 794 2208 fuerat
805 2162 832 2208 iu
844 2172 894 2206 uuo
906 2159 970 2205 Mss.
982 2156 1158 2221 Leideusiuru,

61 2223 108 2288 ted
121 2224 197 2288 litera
215 2231 227 2274 t
243 2224 269 2284 iu
281 2230 307 2283 qt
319 2232 410 2286 postes
422 2233 463 2272 est
474 2239 557 2272 erasa.
590 2224 682 2274 Sedet
693 2224 729 2274 its
739 2223 875 2274 ediderunt
888 2223 1055 2282 Pulmannus,
1067 2222 1161 2271 saon·

61 2302 120 2350 nrrs,
133 2288 186 2348 alii,
198 2297 257 2351 post
268 2288 325 2336 EA.
336 2289 462 2348 Venetas,
473 2296 501 2336 ot
513 2287 621 2348 Argeut.
653 2287 697 2335 Ita
715 2294 742 2335 et
760 2286 939 2336 Gambarellus
950 2285 1063 2347 legebat.
1085 2287 1158 2336 Wesi.

61 2352 155 2400 Boend.
167 2359 195 2402 et
206 2353 263 2402 ΕΡ.
274 2351 412 2401 insaniebat.
431 2353 493 2401 wit.
508 2354 591 2401 Cssdo.
609 2351 701 2402 Idem·
726 2352 799 2412 Cedo,
810 2351 865 2414 quid
880 2351 982 2412 postolat
991 2351 1009 2397 ν’
1024 2350 1091 2400 Haec
1105 2352 1159 2400 De·

62 2417 176 2478 miphoni
188 2417 308 2465 tribuunt
319 2417 397 2466 Bent.
409 2417 487 2464 Both.
501 2416 571 2465 Perl.
583 2422 611 2465 et
623 2417 683 2479 Bip.
695 2431 752 2480 quae
764 2418 840 2465 etism
853 2430 910 2464 cum
923 2415 1018 2476 Delph.
1026 2414 1062 2466 At
1071 2415 1158 2478 peloso.

62 2484 128 2529 *88
145 2481 225 2536 Qotur
241 2481 355 2528 nimium.-
371 2480 571 2542 quantumliduit.
596 2482 638 2530 lta
650 2481 791 2543 distinguo,
802 2487 831 2528 ut
843 2479 1039 2542 duosrsrdrspov.
1072 2480 1157 2529 Etiam

63 2547 142 2594 aliter
152 2545 213 2593 olim
223 2546 320 2593 lec-tum
333 2544 421 2592 sidens
433 2545 572 2599 eDonato,
602 2546 628 2593 ui
639 2553 722 2594 tumen
742 2545 797 2606 ipse
816 2553 929 2593 nostram
949 2544 1085 2592 lectionem
1105 2552 1160 2593 tue·

63 2616 117 2658 tur.
146 2608 294 2677 Ludovieus
306 2609 407 2669 Carrio,
417 2608 485 2671 quod
501 2611 509 2636 ‘
521 2560 662 2671 quosdam’
679 2607 770 2657 fecisse
781 2609 901 2657 Donatus
913 2607 987 2668 dicit,
995 2608 1044 2669 ipsi
1052 2609 1159 2657 Donato·

63 2674 279 2734 tribuens‚legit:
297 2673 326 2721 C.
344 2673 427 2727 Quid?
451 2672 485 2720 G.
496 2673 605 2720 Nimium
614 2678 734 2735 quantum.
758 2672 933 2726 allocutum?
948 2671 994 2719 dic.
1019 2671 1052 2720 G.
1065 2671 1160 2734 Siquis

62 2741 142 2788 duret.
173 2736 243 2785 Vide
262 2736 320 2798 ejus
336 2735 424 2810 Autiq.
437 2737 511 2784 Leet.
523 2736 696 2784 Commentar.
709 2751 740 2784 ιι.
761 2749 819 2798 cap.
835 2739 876 2795 13,
896 2733 1023 2798 quomodo
1035 2743 1061 2783 st
1075 2736 1160 2799 Lipsio

62 2800 194 2866 placuisse
205 2799 277 2848 dicit.
311 2799 363 2846 Ms.
375 2800 438 2847 Wst.
448 2799 501 2848 (lu.
515 2799 598 2854 Quid?
608 2799 713 2849 nimium.
737 2802 789 2848 Du.
803 2798 923 2853 Quantum
933 2799 1016 2847 libuit:
1033 2802 1160 2863 quomodo

64 2881 82 2915 o
94 2862 211 2912 Charieis
223 2862 291 2910 citat
298 2862 428 2910 Muretus.
461 2863 488 2911 Si
496 2863 619 2925 junctim,
629 2864 727 2912 nimium
738 2870 852 2925 quantum
861 2865 942 2926 legas,
953 2864 1050 2912 valebit
1062 2863 1159 2929 simpli-

64 2928 144 2986 citer,
154 2925 261 2982 nimiunn,
272 2925 322 2987 vel,
331 2925 481 2988 pernimium.
497 2927 581 2975 West.
615 2928 703 2976 Codex
714 2932 762 2976 900
772 2941 895 2977 annorum
906 2932 1018 2989 quantum
1025 2929 1099 2978 soluit
1105 2945 1115 2986 3
1133 2936 1165 2978 et

64 2990 138 3044 libuit
148 3004 196 3054 pro
207 2990 397 3039 vasialeetioue
407 2990 477 3039 inter
486 2990 575 3040 liuess.
592 2991 661 3039 Hinc
670 2993 776 3054 colliges
784 2998 919 3056 utrumque
932 2991 1079 3040 addititium
1088 3007 1161 3043 esse:

69 3053 228 3119 Lege‚quod
235 3055 290 3118 jam
302 3055 335 3103 ab
347 3054 404 3102 aliis
414 3061 566 3117 occupatum
579 3062 628 3117 est,
640 3056 673 3106 G.
687 3057 751 3112 Quid
758 3053 769 3106 l
785 3056 884 3105 niniam
893 3062 1012 3119 quonium.
1039 3057 1067 3104 C.
1081 3057 1162 3112 Quon-

68 3126 139 3173 tum?
153 3121 200 3170 dic.
229 3120 262 3170 G.
273 3119 354 3182 Siquis
361 3121 438 3168 duret.
469 3119 513 3168 Sic
525 3120 590 3168 olim
596 3120 702 3182 legebat
713 3121 802 3170 Celsus
814 3121 1005 3169 Grammaticus
1016 3121 1084 3184 apud
1097 3122 1162 3171 Cha·

71 3183 161 3234 sisium
171 3199 195 3249 p.
207 3188 264 3234 185.
280 3184 408 3233 ‘Nimium
417 3189 545 3248 quonium:
559 3186 695 3235 Terentius
707 3185 732 3234 in
745 3185 908 3235 Phormione.
940 3184 990 3234 Ubi
1003 3186 1092 3235 Celsus
1104 3201 1163 3250 pro·

71 3250 192 3308 nuntiam
210 3248 248 3297 uti
258 3248 373 3297 Immune
384 3256 519 3311 quantum,
528 3249 685 3299 Incredibile
695 3258 828 3314 quantum.
862 3250 937 3300 Licet
952 3249 1055 3314 quidam
1073 3252 1109 3301 sio
1126 3253 1163 3301 le·

75 3319 147 3376 gant,
157 3313 253 3377 inquit,
269 3318 301 3360 ut
316 3313 323 3343 ⁶
336 3312 456 3361 nimium'
473 3328 563 3363 sersus
579 3315 659 3379 dicat,
676 3314 837 3378 ‘quantumi
848 3329 909 3365 vero
926 3329 1017 3366 senes:
1043 3316 1087 3366 sed
1105 3332 1163 3366 sen·

74 3378 184 3429 tentiam
194 3391 243 3425 nou
254 3376 422 3436 intelligunt!
439 3377 513 3426 Bent.
555 3380 635 3434 Quid?
650 3380 747 3429 nimiam
757 3386 884 3444 quantumi
901 3380 951 3430 Du.
964 3381 1100 3437 Quantum?
1115 3383 1163 3430 dic.

76 3441 154 3496 Both.
173 3442 279 3490 Nimison
290 3439 481 3503 quantominus
492 3442 522 3488 Ζ.
534 3443 606 3491 Peri.
616 3446 658 3505 qui
671 3452 754 3498 notat,
772 3446 780 3472 ‘
791 3447 851 3493 Far.
862 3444 903 3494 ed.
913 3459 985 3494 more
997 3461 1042 3494 suo
1050 3446 1165 3507 junctim

74 3505 307 3570 nimiumqountusq
315 3505 363 3554 hoc
373 3509 423 3567 est,
430 3504 539 3554 immane
550 3513 682 3568 quantum.
707 3507 803 3557 Probe.
826 3509 905 3556 Varie
916 3516 1003 3557 temen
1013 3507 1165 3567 dividuntur

564 3640 673 3691 NOTAE

112 3737 601 3803 msasn’ttttottsonspropinit]Huc
672 3746 703 3790 33
739 3741 796 3790 Trio
816 3754 862 3788 nos
882 3739 1050 3799 commutabitis
1075 3738 1164 3802 Verbo]

78 3821 132 3875 est,
150 3815 252 3863 Satisne
265 3820 352 3861 mente
372 3829 449 3863 sanus
469 3822 525 3864 est:
543 3829 600 3863 unm
640 3819 728 3867 Verba
738 3824 896 3867 commutare
912 3823 952 3864 est
964 3816 1074 3882 colloqui
1085 3823 1112 3863 et
1127 3816 1165 3864 in·
1184 3851 1187 3856 Δ

78 3891 174 3957 quibus
185 3897 286 3938 veteres
297 3889 390 3938 bonam
406 3897 517 3939 mentem
529 3896 601 3953 opta·
641 3899 683 3942 ter
693 3907 721 3942 se
732 3894 868 3943 disserere.
886 3892 1127 3942 NosterTereutius
1139 3891 1165 3948 iu

80 3968 203 4031 bonulus
221 3966 291 4031 Deos
308 3967 434 4030 propitios
444 3981 500 4016 ssse
511 3982 603 4032 precs·
641 3966 756 4018 Andria:
783 3969 938 4032 ‘Nunquam
966 3967 1042 4017 hodie
1078 3973 1165 4016 tecum
1193 4001 1195 4004 ι

75 4048 189 4098 banturs
207 4052 299 4096 contre
315 4045 409 4114 quihus
423 4047 515 4097 malam
532 4061 601 4096 meu·
641 4050 856 4095 commutatumm
882 4052 983 4110 petrem
998 4057 1082 4095 *unum
1108 4058 1165 4103 esse
1265 4046 1268 4051 '

77 4122 319 4184 tem,Deosiratos.
449 4158 453 4163 .
643 4120 765 4172 rubrum!
