2678 4694
340 340 601 391 snsnrnonuu
625 342 707 390 son.
729 344 754 389 1.
775 342 826 391 sc.
850 345 873 391 1.
1085 331 1150 398 677

68 481 190 566 Neque
203 482 406 548 servolorum
420 486 605 568 quisquam,
620 487 679 569 qni
694 486 873 551 advorsum
886 487 1010 554 ierantl

67 583 230 649 Profecto
243 584 309 649 hoo
323 604 401 650 vere
418 585 546 650 dicunt:
569 587 705 674 siabsis
720 589 864 670 uspiam,
996 578 1030 655 ⁸

66 683 139 748 Aut
153 686 213 748 ubi
230 686 260 749 si
275 705 402 763 cesses,
418 688 549 750 evenire
562 707 603 752 ea
616 687 721 752 satius
735 695 797 767 est,

13 812 17 817 ·
66 783 156 863 Qua
170 786 205 849 in
220 793 255 850 te
268 806 356 850 uxor
370 788 463 864 dicit,
477 795 510 852 et
524 808 600 871 quae
614 789 648 851 in
662 789 772 853 animo
787 790 911 870 cogitat

64 885 170 965 Irata,
184 906 285 970 qnam
299 889 369 967 illa,
381 908 459 972 quae
474 895 629 972 parentes
643 892 789 975 propitii.

64 983 173 1064 Uxor,
188 988 219 1053 si
233 1005 354 1067 cesses,
366 995 424 1054 aut
438 994 469 1054 te
482 1009 593 1055 amare
604 991 740 1073 cogitat,

21 1138 24 1143 .
62 1085 135 1151 Aut
148 1092 213 1151 tete
228 1090 344 1166 amari,
360 1096 417 1155 aut
430 1096 557 1173 potare,
577 1100 636 1170 aut
649 1094 758 1158 animo
774 1093 935 1177 obsequi;

62 1187 106 1253 Et
120 1187 184 1253 tibi
196 1190 278 1253 bene
293 1208 368 1255 esse
382 1193 458 1269 soli,
472 1213 548 1258 cum
562 1195 627 1259 sibi
642 1195 686 1259 sit
698 1196 796 1260 male.

10 1284 21 1361 ’,
61 1286 143 1372 Ego,
159 1290 317 1372 quianon
330 1292 427 1357 rediit
440 1292 541 1373 filins,
564 1315 640 1378 quae
655 1297 778 1378 cogito,
1104 1295 1147 1360 10

59 1390 105 1456 Et
118 1392 244 1475 quibus
257 1412 344 1457 nunc
358 1394 505 1459 solicitor
519 1398 635 1462 rebus!
657 1417 699 1461 ue
710 1403 768 1462 aut
778 1397 833 1462 ille
848 1396 975 1473 alserit,

57 1493 130 1560 Aut
144 1494 277 1578 uspiam
290 1495 456 1574 ceciderit,
473 1501 531 1560 aut
545 1496 740 1580 perfregerit

52 1699 99 1762 uio,
112 1700 153 1748 cui
162 1699 236 1763 offuit
244 1717 296 1750 eum
304 1703 418 1752 sodalitia
427 1703 493 1764 suis,·
509 1719 582 1767 neque
588 1706 650 1754 udus
659 1720 690 1754 ex
696 1707 778 1767 emis,
787 1706 827 1768 qui
835 1704 926 1753 obuium
936 1704 958 1753 ei
968 1703 1033 1753 ntissi
1044 1703 1144 1763 suerust

51 1767 106 1811 e'arn
120 1765 267 1814 comitatum.
299 1769 414 1829 Equidem
426 1769 475 1816 lime
490 1772 618 1818 cominunis
627 1771 741 1820 amentio
750 1784 805 1818 cmo
815 1775 864 1818 eat:
879 1769 956 1816 misus
966 1771 1144 1818 damnaturum

50 1843 79 1876 en
89 1828 200 1876 eandm
209 1845 262 1892 quoe
271 1845 331 1878 uxor
341 1832 403 1880 uua
416 1834 445 1880 de
461 1837 483 1881 te
493 1834 633 1895 auspicatur,
648 1839 672 1882 rt
689 1835 766 1882 asinio
776 1834 878 1894 conjicit,
893 1848 961 1895 quum
977 1834 1029 1893 illu,
1040 1847 1090 1894 que
1099 1847 1143 1894 pu-

47 1897 133 1940 rerrtes
142 1893 180 1952 pii
195 1899 220 1942 et
228 1894 334 1958 filiomm
343 1897 440 1945 studiosi
450 1897 484 1945 eis
500 1899 592 1962 tirqent.
626 1899 700 1955 Uxor,
711 1898 733 1947 si
743 1899 822 1946 tardes
831 1899 923 1946 domum
932 1898 1018 1953 redire,
1029 1900 1072 1944 uui
1081 1896 1143 1946 aliua

46 1956 161 2005 muueris
178 1972 256 2006 umore
266 1959 366 2009 detineri
377 1965 400 2009 te
408 1962 548 2023 rimamur,
558 1966 600 2008 out
612 1963 683 2010 uliam
693 1976 770 2009 umore
781 1963 818 2010 tui
827 1967 919 2025 capim
928 1975 984 2024 esse,
1000 1964 1043 2009 aut
1051 1975 1142 2021 compo-

46 2020 184 2068 tationibus
201 2025 226 2069 te
247 2023 349 2071 deditum
370 2038 427 2084 esre,
442 2030 483 2073 ora
498 2025 612 2087 uoluptati
630 2026 760 2083 inseruire;
776 2025 874 2088 denique
893 2025 1035 2073 taciturnis
1050 2023 1141 2072 deliciis

44 2086 153 2146 aarum,
171 2087 228 2132 dum
242 2086 294 2148 ipsu
314 2089 425 2136 molestiis
444 2095 468 2137 et
481 2089 584 2137 tristitia
604 2089 730 2149 eruciaqtr.
763 2087 811 2149 Aa,
826 2103 877 2150 que
891 2088 1030 2149 uupiciorrss
1040 2093 1139 2136 ruentem

44 2162 127 2196 ineam
138 2148 242 2210 agitant,
255 2152 364 2211 quianon
375 2152 446 2200 rediit
449 2151 536 2216 filius!
552 2153 635 2215 quilius
645 2151 766 2200 timoribus
775 2153 866 2200 animus
875 2151 993 2212 ungitur!
1007 2165 1035 2198 rte
1045 2155 1087 2198 aut
1097 2150 1138 2200 ills

43 2213 182 2261 AEsclrinus
196 2213 276 2274 algore
292 2215 446 2280 obstupuerit,
461 2222 502 2264 aut
513 2217 604 2278 uspiam
615 2218 692 2279 lopnss
702 2216 827 2283 mentm
836 2216 930 2279 aliqum
940 2214 985 2264 ridi
996 2216 1087 2264 mnaiuo
1096 2229 1137 2264 ru·

506 2357 688 2380 Omma!

41 2478 148 2535 praeter
156 2470 268 2520 ancillas.
285 2471 354 2522 Bent.
378 2472 460 2520 Miror
468 2472 567 2535 signum
580 2473 798 2538 ponianonuullis
805 2461 989 2536 interrogandi,
998 2488 1056 2522 oum
1068 2473 1138 2522 nulla

39 2536 168 2586 storacis
180 2535 295 2598 sequitur
304 2536 442 2597 responsio.
452 2536 519 2586 Perl.
537 2539 601 2586 Cum
610 2539 1134 2600 exeundovocassetStoraoenr,nemoque
1235 2543 1238 2549 ’

39 2614 183 2650 servorum
194 2599 378 2661 respondisset,
395 2607 453 2662 post
464 2601 646 2665 aliquantulum
665 2603 786 2665 temporis
797 2617 828 2649 ex
844 2602 946 2650 silentio
961 2601 1135 2663 conjecturam

39 2665 124 2723 facit,
141 2677 251 2725 suosque
267 2678 354 2711 sensns
373 2665 507 2727 eloquitur.
541 2667 676 2727 Sapienter
691 2665 738 2713 lroc
755 2672 841 2713 monet
859 2671 919 2726 post
936 2665 986 2712 Do.
1002 2664 1135 2725 bacterio,

38 2736 178 2790 notatque
197 2727 269 2787 alios,
284 2728 327 2791 qui
345 2734 402 2789 post
418 2731 426 2756 ‘
440 2727 535 2776 ierant’
554 2730 653 2791 signum
673 2729 779 2790 rogandi
797 2729 926 2789 ingerunt.
959 2729 1042 2779 Nemo
1062 2734 1136 2777 certe

39 2791 199 2856 respondet.
214 2791 271 2852 Rip.
304 2792 328 2840 N
331 2805 361 2840 ec
372 2791 533 2854 interrogant
544 2794 589 2841 Bt.
600 2793 727 2841 Botis-t
746 2793 847 2840 Eoenire
856 2791 895 2852 ru]
913 2790 968 2839 ΕΑ.
978 2791 1070 2840 euenire
1081 2791 1135 2841 tibi.

39 2858 132 2906 West.
166 2855 231 2906 Quse
242 2855 325 2916 glossa
335 2869 391 2904 esse
403 2856 512 2904 uidetur.
523 2856 590 2904 Peri.
622 2857 719 2904 Omnes
730 2857 830 2918 antiqui
841 2856 908 2915 libri,
917 2857 968 2903 Aut
978 2855 1020 2904 ibi.
1052 2854 1133 2904 Itaet

38 2921 178 2971 Donatus.
198 2918 241 2967 Fa.
274 2918 645 2983 Qustuortamenexaostris,
663 2923 713 2969 Aut
730 2919 770 2967 ubi
787 2920 816 2968 ri.
849 2921 939 2969 Recte.
973 2917 1008 2967 Et
1019 2916 1055 2966 sie
1067 2919 1132 2968 citat

37 2984 153 3035 Seruius
167 2980 200 3030 ad
212 2981 267 3030 AEn.
278 2994 321 3031 ιιι.
336 2986 393 3032 430.
411 2984 484 3032 Brut.
517 2984 555 3033 Idi
574 2985 666 3034 tia-o
684 2982 988 3047 Propinquorum,
1018 2980 1133 3031 Subditi-

37 3050 110 3100 tium
120 3046 234 3095 videtur.
247 3045 361 3096 Peri—8
376 3046 426 3095 Aut
437 3053 461 3095 ts
470 3047 557 3110 unsri]
573 3048 663 3097 Bemb.
672 3049 733 3096 Bas.
744 3055 771 3096 et
783 3049 915 3096 Donatus:
932 3046 982 3096 Aut
992 3047 1133 3110 trudmari,
1174 3043 1177 3049 “

36 3121 69 3163 nt
81 3120 115 3162 et
126 3123 217 3159 versus
228 3110 355 3173 exposcit.
387 3111 430 3159 Vi.
447 3111 532 3173 habet,
545 3113 597 3162 Aut
612 3115 642 3162 de
657 3118 681 3161 te
691 3111 775 3162 ornari
791 3113 837 3162 Fa.
871 3113 905 3159 Et
916 3125 949 3160 ex
960 3111 1055 3160 nostris
1066 3125 1131 3159 non·

36 3177 110 3226 nnlli
120 3179 180 3224 tete.
197 3174 273 3222 Beat.
306 3175 358 3224 Aut
368 3175 444 3224 eninm
454 3176 557 3238 obsequi]
573 3177 656 3225 Iidem
666 3176 726 3226 libri
737 3176 846 3225 vetusti:
862 3180 933 3238 atque
943 3175 1018 3233 enim
1026 3175 1130 3238 obsequi.

35 3241 178 3299 Donatus,
187 3242 238 3286 out.
254 3238 301 3288 Fa.
336 3239 425 3290 Nostri
437 3254 523 3287 omnes
533 3246 609 3303 utque.
627 3242 706 3289 Beut.
737 3239 816 3303 Atque
823 3244 873 3303 pot.
884 3247 1002 3302 utqueou.
1017 3239 1053 3287 olr.
1069 3240 1129 3303 Bip.
1151 3247 1153 3252 ’

36 3304 93 3355 Aut
103 3309 189 3368 pctore
199 3302 301 3365 atquein
310 3317 349 3352 urs.
359 3302 395 3353 oi.
412 3304 457 3352 Br.
489 3303 566 3367 Atque
584 3319 623 3354 an.
639 3305 675 3355 oli.
692 3306 770 3354 Bent.
782 3306 857 3353 Botlr.
869 3304 991 3353 Peri—9
1009 3304 1064 3352 Tibi
1075 3304 1130 3352 ieua

34 3368 104 3431 esse]
123 3366 231 3429 Antiqui
242 3364 300 3414 libri
311 3380 397 3415 omnes
408 3367 511 3428 habent,
528 3370 562 3416 Et
579 3369 632 3417 tili.
663 3366 859 3428 Sicutetinfrs,
876 3369 931 3416 ‘Et
949 3367 1042 3432 quibus
1060 3382 1129 3416 nnuc

35 3433 164 3484 solicitor
174 3428 248 3478 rebus
256 3429 273 3478 ι’
284 3430 328 3478 sed
340 3430 382 3479 lrio
398 3433 429 3479 Et
439 3432 532 3480 transit
542 3433 568 3480 in
580 3433 711 3482 scansione
722 3433 748 3480 in
759 3433 948 3496 precedentem
960 3444 1070 3481 versum.
1087 3432 1130 3481 Fu.

35 3497 130 3546 Etiam
147 3493 230 3543 nostri
239 3493 355 3558 plerique
368 3496 403 3543 Et
414 3495 467 3544 tibi.
498 3496 550 3543 Sed
562 3504 686 3545 accentus
701 3511 778 3545 causa
793 3497 870 3544 etism
882 3495 1069 3556 corrigendum,
1084 3494 1131 3542 silri
1174 3512 1175 3515 ¹

34 3577 93 3610 curre
103 3560 139 3608 rit
148 3560 225 3615 mule3
241 3572 292 3606 non
305 3565 333 3606 ut
344 3558 414 3620 libri,
429 3575 481 3609 aum
495 3559 541 3607 sili
556 3561 588 3607 rit
604 3563 671 3608 mule.
689 3561 767 3610 Bent.
800 3559 897 3608 Omnes
916 3567 1011 3621 ponunt
1030 3572 1128 3607 comma

35 3631 102 3689 post
118 3621 207 3684 ‘soli,'
218 3636 267 3684 ego
278 3629 337 3684 post
354 3623 447 3684 ‘essa'
465 3633 492 3672 et
510 3623 592 3671 ‘soli'
602 3624 685 3686 jungo
697 3639 753 3673 cnm
770 3622 856 3672 ‘sibi'
872 3621 1015 3671 Seimiedsr.
1048 3621 1128 3669 Bent-

34 3689 120 3738 leium
131 3695 276 3751 sequuntur
288 3686 365 3735 Both.
376 3694 403 3737 et
411 3687 480 3736 Perl.
489 3687 532 3751 qui
543 3695 631 3736 monet
641 3702 693 3735 cum
702 3688 749 3737 sili
760 3702 816 3736 esse
828 3687 852 3735 in
864 3687 952 3736 Guelf.
962 3690 986 3734 3.
998 3693 1025 3733 et
1037 3684 1128 3732 abesse

38 3754 72 3802 Et
90 3767 108 3801 a
124 3755 216 3800 2.-11
236 3750 386 3799 Etatribns
397 3753 489 3802 nostris
501 3752 588 3800 abest:
606 3758 686 3801 recte.
719 3749 1128 3800 LicetServlusadAEu.1v.380.

34 3815 195 3865 lrabeatEt.
213 3814 291 3864 Bent.
323 3814 600 3866 EtabestaGnelfi.
618 3815 682 3863 Perl.
715 3812 1128 3875 Nsoutillsulsrritnegendurn,

35 3881 86 3930 nisi
99 3880 188 3929 omnia
199 3892 240 3926 ms
250 3875 348 3936 fallant,
359 3879 462 3942 illiserit,
484 3880 616 3928 intellecto
628 3892 667 3940 se,
678 3879 787 3928 Graece:
803 3880 925 3940 scripturn
943 3876 1048 3939 antiquo
1058 3889 1129 3926 more

37 3944 147 3994 verbnm
161 3941 440 3993 lassescamus
451 3945 617 4007 depravatum
629 3949 678 3992 est.
694 3943 768 3992 Botlr.
802 3945 836 3990 Et
853 3941 941 3990 delent
954 3940 1049 4002 Delph.
1068 3941 1129 4004 Blp.

34 4008 184 4059 Boin-12
194 4007 263 4068 Gay.
272 4003 390 4069 prefert,
402 4007 558 4068 proesregerit.
585 4008 671 4070 Atque
683 4005 718 4054 ita
730 4007 755 4053 in
767 4007 817 4054 Ms.
828 4004 1127 4068 Argentorateusisorip-

36 4080 95 4121 tutu
102 4073 275 4135 primsmanu
283 4071 528 4134 reperitBoeclerns.
561 4072 636 4123 Quod
646 4085 704 4119 mox
713 4085 770 4117 curn
781 4070 861 4117 eidem
871 4068 974 4131 Guyeto
983 4069 1064 4118 minus
1076 4071 1128 4134 pla·

36 4143 122 4200 cerei,
134 4134 243 4184 mutavit
253 4135 288 4204 in,
297 4149 349 4183 erus
353 4133 458 4196 fregerit
468 4136 567 4200 Aliquis
580 4134 647 4185 forte
656 4134 794 4198 respiciens
804 4135 886 4183 locum
897 4133 1043 4184 Plautinum
1055 4134 1130 4184 modo
