2678 4694
199 338 266 402 956
574 348 603 398 e.
626 347 808 397 rnnsnrrr
836 347 922 398 nrnr

200 493 223 559 J
226 512 279 557 am
295 512 355 574 ego
369 493 456 555 hunc
470 492 617 574 agitabo.
662 493 729 558 Pro
745 494 856 557 Deum
871 488 1133 556 immortalium!

200 593 316 675 Negat
330 592 493 656 Phanium
505 611 579 657 esse
593 596 678 659 hano
691 594 757 658 sibi
771 601 948 676 cognatam
965 590 1144 672 Demipho
1156 591 1171 652 l
1265 589 1283 650 5

201 697 302 759 Hunc
317 692 484 774 Demipho
499 701 597 774 negat
609 715 685 759 esse
698 695 894 776 cognatam?
938 692 1005 756 Gn.
1031 691 1161 772 Negat.

201 797 322 861 Prion.
346 793 468 877 Neque
481 795 555 879 ejus
569 801 696 880 patrem
720 815 758 859 se
774 796 871 872 scire,
887 795 945 878 qui
960 793 1085 858 fueriti
1134 791 1202 856 Gn.
1224 787 1282 852 Ne·

329 903 397 975 gat.

202 999 270 1062 Da.
294 996 408 1080 Ipsum
421 1015 496 1060 esse
510 995 640 1078 opinor,
655 993 775 1078 dequo
789 996 948 1077 agebam:
971 994 1170 1078 sequimini.

202 1099 322 1162 Prrort.
347 1095 423 1160 Nec
452 1095 660 1180 Stilphonem
692 1099 804 1178 ipsum
835 1096 931 1173 scire,
956 1097 1014 1179 qui
1045 1096 1175 1161 t'neritl
1226 1094 1283 1158 Gn.

331 1194 453 1278 Negat.

199 1390 243 1437 ego
253 1376 435 1425 nonomine
445 1377 595 1427 commonebo.
627 1378 694 1427 Proh
710 1378 789 1428 Deam
803 1376 971 1427 immortalium
980 1374 1080 1442 pidem!
1095 1381 1169 1436 nega
1184 1372 1284 1423 Phanion

199 1456 249 1489 erse
264 1441 323 1489 hone
339 1441 385 1488 sihi
403 1446 525 1502 comtum
544 1440 678 1505 Demipho?
694 1443 754 1492 huno
771 1442 889 1504 Demipho
910 1446 984 1501 negot
1001 1455 1052 1489 esse
1072 1445 1215 1500 cognatm?
1243 1437 1285 1486 Gt.

202 1506 294 1565 Neget.
327 1506 379 1553 ΡΗ.
396 1505 470 1569 Seque
481 1506 613 1556 nescirenit
624 1507 665 1568 qai
674 1507 814 1567 feeritejns
823 1511 906 1570 poter?
939 1506 989 1554 Ga.
1008 1505 1095 1564 Negat
1106 1505 1211 1552 umbe.
1242 1503 1285 1550 lla

202 1569 275 1617 Hunc
285 1569 399 1618 hominem
417 1584 465 1618 esse
482 1570 593 1626 arbitror,
612 1575 640 1619 de
656 1586 699 1633 qno
717 1586 791 1619 sermo
811 1571 869 1619 mihi
887 1575 955 1619 erut:
970 1568 1110 1630 munimina.
1144 1569 1200 1616 Pu.
1216 1565 1285 1625 Neget

200 1648 323 1698 quoquere
334 1633 482 1699 Stilphonem
499 1634 576 1697 iprum
593 1633 745 1697 cognouisse?
777 1635 827 1686 Gr.
847 1636 937 1696 Neget.
971 1634 1025 1682 Ρη.
1045 1632 1113 1688 Quin
1128 1631 1287 1693 meoniae,

201 1877 322 1926 mendose
333 1891 394 1938 nge:
404 1882 435 1926 et.
451 1878 539 1927 Sensit
550 1879 627 1927 Bent.
644 1878 719 1928 Both.
745 1878 811 1938 Ager
822 1877 876 1926 sine
887 1880 911 1924 st
921 1876 1016 1922 Br.-4
1032 1873 1093 1921 Jnm
1104 1872 1161 1936 ego]
1178 1869 1233 1920 ΕΑ.
1242 1870 1289 1918 len

200 1941 270 1989 enim.
303 1942 377 1989 Bodl.
388 1942 422 1990 G.
432 1942 495 1991 wit.
507 1949 533 1990 et
546 1942 600 1989 ΕΡ.
611 1942 662 1990 Pro
673 1942 752 1990 Deum
763 1937 1018 2003 immortuliomfldem.
1054 1937 1151 1985 Boeucl.
1165 1936 1214 1984 Pro
1225 1935 1289 1983 Desa

199 2004 367 2053 immortalium
377 2011 447 2068 nique
457 2004 663 2117 hominumgoem.
688 2005 744 2053 ΕΑ.
755 2005 806 2052 Pro
819 2005 900 2053 Deum
909 2001 1079 2051 inmortalium
1091 2006 1165 2062 utque
1175 2000 1288 2047 hominnm.

200 2067 232 2116 ln
244 2069 299 2117 eliis
312 2069 449 2117 (lodicibus
460 2069 545 2119 aliter.
603 2069 667 2117 ivins
678 2068 786 2133 obfidem
796 2070 952 2117 auctoritare
964 2065 1061 2113 Donati
1073 2065 1188 2112 recidit:
1205 2077 1250 2110 nee
1260 2077 1289 2109 re·

201 2133 281 2194 quirit
291 2140 408 2182 metrum.
428 2133 501 2182 Weet.
542 2134 577 2181 D.
594 2133 672 2197 imm.]
689 2133 752 2182 GM.
763 2131 848 2197 fidem.
882 2132 1006 2193 Suprer.
1025 2127 1153 2176 ‘testord
1187 2126 1290 2176 Plnsenli

201 2197 265 2246 Mss.
277 2196 337 2246 add.
348 2202 416 2260 nique
426 2197 552 2245 hominnm.
569 2196 619 2245 Pro
628 2199 663 2245 D.
670 2204 739 2260 utque
750 2195 948 2260 hominnmfldem
956 2191 1046 2242 Guelf.
1054 2196 1081 2240 2.
1101 2193 1189 2241 Fidem
1200 2196 1223 2241 3.
1233 2191 1290 2240 Peri.

202 2260 286 2310 Fidem
297 2261 370 2310 addit
381 2269 409 2309 et
420 2262 514 2310 Br.—h
534 2260 616 2310 Abest
628 2261 742 2373 &nophe
753 2258 863 2310 anelf.
875 2264 899 2308 2.
915 2258 982 2307 Peri.
1019 2256 1042 2305 Α
1055 2256 1112 2306 Gn.
1124 2261 1149 2305 l.
1161 2255 1234 2304 abest
1244 2267 1290 2302 rer·

200 2338 243 2373 sus
252 2329 276 2373 6.
308 2325 408 2373 Horum
421 2339 471 2372 ess.
482 2325 584 2388 pinguis
595 2327 678 2374 oratio
701 2325 805 2374 raudem
817 2323 914 2387 prodit.
945 2321 1063 2381 Scilicet,
1076 2320 1223 2369 nominibus
1234 2319 1290 2367 Phr·

200 2388 270 2437 nium
282 2396 309 2437 et
320 2389 481 2451 Stilphonem
494 2389 636 2437 accrevisse
649 2390 769 2452 pinninum
782 2402 870 2436 versus
881 2391 905 2436 6.
916 2392 943 2434 et
954 2390 978 2436 9.
998 2385 1034 2433 Et
1044 2384 1088 2433 hie
1100 2383 1206 2448 quidem
1221 2383 1289 2432 Bent-

200 2450 581 2516 leioquoquernspecrusluit.
626 2453 926 2502 Recteautemversuo.
945 2448 1129 2502 Aadditflr.
1147 2449 1238 2508 Neget.
1266 2445 1290 2494 ln

199 2514 262 2564 Hel.
281 2514 307 2562 hi
324 2529 412 2565 versus
430 2515 466 2564 ita
482 2517 648 2565 ordinantur:
675 2519 757 2581 Neque
767 2518 817 2579 ejus
827 2517 977 2579 patremne.
995 2514 1050 2561 Nec
1059 2512 1113 2562 Stil
1163 2513 1205 2573 dfe.
1223 2511 1291 2574 Ipora

199 2581 306 2642 etenim
324 2579 401 2630 Both.
435 2580 487 2631 Qui
498 2580 614 2629 Phanium
626 2581 705 2642 delet,
718 2588 744 2630 et
763 2595 851 2629 versus
867 2582 892 2628 6.
908 2580 984 2628 9.-6
1003 2577 1077 2624 Hane
1125 2575 1217 2640 emipho
1232 2577 1292 2636 neget

200 2657 250 2692 esre
259 2645 396 2705 comtum]
413 2644 480 2692 Haec
492 2644 586 2693 absunt
597 2661 611 2693 a
623 2646 684 2696 wit.
694 2647 734 2709 [et
745 2642 831 2694 Guelf.
845 2643 883 2705 2.]
894 2650 921 2691 et
932 2640 988 2690 EA.
1021 2641 1152 2704 Sequitur
1171 2654 1231 2688 vero
1246 2643 1292 2701 pon

200 2721 301 2756 versum
312 2713 337 2757 h.
347 2707 468 2756 continuo
480 2713 597 2767 octavus,
608 2718 660 2756 rum
672 2711 806 2771 septimus.
823 2707 952 2771 Guyetns,
960 2706 1029 2753 hune
1038 2719 1145 2754 versum
1154 2715 1292 2767 agnoscam,

199 2768 1292 2897 titubabitlutatium“litturaLi'ititttdithltt

200 2899 256 2947 ΕΡ.
268 2897 323 2947 ΕΑ.
344 2899 470 2948 Wesl.-9
488 2899 540 2948 Nec
557 2897 714 2961 Stilphonem]
739 2849 837 2946 Omnis
856 2895 912 2944 t'ere
932 2895 1036 2943 codices
1054 2897 1138 2957 perulo
1150 2895 1290 2945 vetustiores

200 2963 250 3012 lroc
259 2962 348 3011 ordine
359 2977 447 3011 versus
457 2962 595 3010 exhibent:
615 2962 685 3011 Hunc
693 2962 810 3024 Demipho
818 2967 890 3022 negot
899 2963 1103 3019 emecognotnmt
1114 2961 1208 3021 Neget.
1225 2959 1291 3021 Ipnoi

198 3042 246 3076 esse
257 3027 338 3090 opinor
347 3028 377 3075 de
387 3042 431 3102 qno
442 3026 553 3087 egebam:
570 3026 703 3088 sequimini.
730 3027 812 3092 Neque
823 3026 873 3087 <ins
882 3030 973 3087 putrere
983 3037 1010 3071 se
1020 3022 1086 3072 seire
1097 3024 1140 3087 qni
1145 3023 1236 3082 fund?
1251 3020 1291 3068 Ne·

197 3097 250 3152 got.
269 3093 349 3153 Neque
359 3091 506 3153 Stilphonem
522 3091 598 3152 ipsum
608 3091 669 3138 scire
679 3091 718 3154 qui
731 3087 829 3149 suerit?
848 3090 935 3149 Negat.
961 3087 1002 3134 Ex
1014 3087 1054 3135 hls
1067 3087 1189 3137 'versibus
1200 3085 1290 3135 tertium

200 3155 283 3203 codex
295 3159 351 3203 900.
363 3168 486 3203 annorum
497 3169 547 3202 non
560 3155 691 3216 agnoscit3
708 3155 789 3202 codex
802 3155 862 3203 item
875 3151 1009 3200 Petrensis
1022 3152 1048 3199 iu
1061 3153 1184 3215 urargine
1196 3156 1291 3200 tantun.

201 3218 237 3267 At
249 3226 367 3279 quartum
378 3220 418 3266 hic
430 3220 526 3267 omittit
538 3219 621 3265 codex
632 3233 664 3265 ex
677 3218 783 3281 Regiis3
800 3226 827 3267 et
839 3217 911 3280 punit
923 3215 1026 3263 demum
1038 3223 1104 3278 post
1116 3231 1155 3264 vn.
1165 3221 1206 3264 2⁵.
1234 3213 1292 3273 Scio,

200 3280 277 3328 facile
289 3294 321 3327 ex
331 3281 371 3328 his
383 3282 491 3328 alterum
504 3296 519 3328 a
531 3281 652 3331 librariis
663 3281 746 3329 omitti
760 3281 889 3344 potuisse5
914 3280 974 3342 quia
985 3286 1102 3342 uterque
1122 3280 1214 3328 eodem
1224 3277 1291 3326 verbo

199 3345 207 3372 ‘
223 3342 323 3407 Negat'
340 3344 503 3392 terminatur.
535 3344 594 3390 Soio
604 3344 675 3404 item,
687 3351 726 3392 sat
735 3359 848 3408 congrue
860 3344 899 3392 his
916 3341 984 3390 idem
998 3345 1087 3403 repeti
1100 3345 1127 3392 ln
1139 3357 1246 3406 persone
1257 3355 1292 3389 au·

200 3407 272 3457 druis
284 3407 466 3471 sycophantae3
490 3407 561 3469 qnasi
577 3408 709 3455 clamando
721 3417 748 3456 et
761 3407 926 3458 vociferando
938 3407 1051 3468 strepitu
1066 3420 1163 3470 ipsese
1176 3421 1229 3455 rem
1243 3419 1292 3468 ges·

200 3481 284 3523 turum
296 3477 421 3535 speraret.
456 3471 508 3520 Sed
521 3471 579 3519 vide
591 3487 622 3519 eu
633 3472 753 3521 Parasito
764 3474 866 3521 minime
876 3472 1015 3529 strrltuaut
1027 3471 1195 3520 somnolento
1204 3469 1231 3519 id
1242 3483 1292 3518 con-

199 3538 296 3597 veniet,
308 3544 336 3584 nt
349 3551 385 3584 vs.
395 3550 454 3584 mox
465 3540 505 3586 40.
523 3543 575 3584 tam
588 3537 642 3584 cito
661 3538 793 3586 immernor
804 3538 836 3585 sit
848 3535 968 3596 nominis,
999 3534 1049 3582 uod
1062 3537 1118 3596 hio,
1129 3536 1156 3584 id
1168 3543 1217 3596 est,
1228 3533 1291 3582 ruodo

196 3603 251 3665 jum
264 3616 331 3651 nune
344 3608 403 3650 ante
416 3608 610 3662 memoraverat,
621 3602 771 3665 Stilphonis.
804 3601 849 3650 Me
861 3601 948 3664 itaque
961 3599 987 3646 lu
1007 3605 1083 3655 ente,
1099 3615 1205 3649 versum
1216 3613 1247 3647 ex
1260 3596 1291 3645 hir

200 3681 295 3716 nonum
304 3665 470 3728 expunxeris.
487 3666 560 3714 Bent.
586 3666 706 3714 Bentlein
716 3665 819 3713 videtur·
826 3665 866 3712 hie
876 3677 962 3711 versus
971 3676 1030 3711 esse
1039 3665 1147 3730 spurius
1157 3670 1292 3728 propterea,

201 3731 268 3796 qnod
281 3731 403 3779 Phormio
414 3730 455 3778 hic
468 3743 559 3777 nomen
570 3729 709 3791 Stilphonls
721 3735 820 3791 teneat,
831 3727 898 3793 quod
910 3725 1077 3776 inferendo.
1087 3734 1200 3791 repente
1213 3726 1291 3776 oblitui

201 3796 243 3845 sit.
277 3795 356 3844 Male.
390 3794 456 3843 Nam
468 3791 577 3841 mendax
589 3793 804 3857 perturbatusque
822 3807 873 3842 non
885 3805 987 3854 semper
998 3804 1101 3840 memor
1114 3800 1157 3841 est
1169 3792 1288 3842 dictorum·

200 3860 267 3909 Fere
279 3861 366 3920 etiam,
376 3858 420 3906 uhi
451 3857 489 3904 uls
500 3856 533 3904 de
551 3856 625 3908 rebus
638 3857 747 3917 laborat,
763 3858 848 3910 solent
863 3855 965 3904 uomina
976 3854 1080 3918 fugere.
1107 3855 1189 3906 Zenn.
1226 3854 1288 3903 Hune

201 3938 240 3971 vs.
252 3924 380 3972 nonnulle
393 3874 458 3970 Edi.
476 3920 541 3968 hand
554 3921 607 3968 siue
620 3922 713 3984 injuria
730 3922 903 3970 eliminarunt.
936 3920 1025 3967 Facile
1037 3926 1129 3968 antem
1149 3921 1184 3970 τὰ
1203 3911 1288 3980 hpnoti·

201 3995 284 4046 newa,
295 3988 386 4048 Negat,
400 3986 490 4047 Negat,
501 3985 527 4033 ln
539 3999 615 4033 censa
627 3994 748 4048 poterant
759 4000 825 4047 esse,
833 3999 879 4033 cur
891 3999 906 4033 a
916 3982 1029 4032 librariis
1041 3983 1221 4034 omitteretur.
1237 3979 1290 4028 Peri

201 4050 287 4111 Vulgo
298 4051 357 4099 huie
368 4066 404 4099 vs.
416 4050 501 4112 [nobis
514 4049 564 4111 la]
577 4050 740 4113 subjungitur
749 4051 812 4099 alins
823 4050 855 4097 ad
867 4047 1038 4098 imitationem
1051 4047 1150 4111 prioris
1167 4044 1290 4112 flagitatio·

203 4113 243 4161 nis
254 4112 289 4160 et'
297 4115 452 4175 expleudum
470 4128 561 4163 nomeu
574 4114 662 4177 inepte
672 4118 796 4176 ingestus.
827 4114 879 4161 Sed
890 4127 948 4160 enm
959 4112 1010 4161 boe
1022 4112 1122 4160 oertius
1134 4113 1247 4175 spurium
1255 4109 1291 4155 hs·

202 4177 293 4229 bemus
302 4185 330 4227 et
341 4179 519 4243 expungimus,
528 4177 598 4245 quod
617 4187 645 4230 et
656 4179 731 4231 Dsm.
742 4178 811 4231 infra
822 4176 897 4229 enixe
909 4189 1004 4227 nomen
1015 4173 1043 4226 iu
1056 4183 1145 4242 roget,
1159 4178 1231 4227 velut
1239 4175 1298 4223 mni
