2678 4694
302 323 616 372 Haturonrrmort.
639 324 723 373 Aur.
747 324 797 373 lV.
821 323 873 372 SC.
897 325 931 375 V·

60 466 251 531 illancoine
265 467 435 532 mulierem
452 467 539 531 alere
554 486 630 531 cum
646 466 704 530 illa
718 467 870 532 familiai

61 569 139 633 Etsi
153 570 237 645 scio,
249 569 350 632 hosce
365 569 497 651 aliquot
512 569 585 633 dies
600 589 666 633 non
681 570 818 650 sentiet;

61 669 118 733 ltu
133 689 254 752 magno
270 671 440 735 desiderio
456 671 568 736 fuitei
584 671 695 735 filius:

64 770 191 836 Verum
207 772 264 841 ubi
278 773 407 838 videbit
422 779 534 838 tantos
548 774 613 837 sibi
629 780 758 838 sumtus
774 773 863 838 domi

63 873 294 952 Quotidianae
309 875 393 953 fieri,
408 896 469 940 nec
484 877 555 940 fieri
570 876 717 954 modum,

65 975 209 1058 Optabit
223 983 407 1047 rursumut
422 982 521 1042 abeat
535 981 578 1044 ab
593 998 629 1043 se
644 980 748 1043 filius.

65 1075 184 1158 Syrum
210 1084 347 1160 optume
372 1081 506 1144 eccum!
550 1080 615 1146 ΒΥ.
650 1080 756 1145 Cesso
781 1080 868 1143 hunc
896 1077 1045 1145 adoriril
1091 1080 1160 1146 Cri.

92 1225 95 1231 -
198 1178 292 1262 Syre.
338 1180 402 1243 ΒΥ.
428 1181 536 1246 Hem!

66 1277 133 1342 Cra.
156 1277 250 1442 Ωιὲἰά
266 1283 342 1344 estl
400 1282 463 1345 ΒΥ.
493 1283 544 1346 Te
560 1284 638 1346 mihi
654 1284 763 1366 ipsum
775 1282 983 1365 jamdudum
999 1283 1160 1366 optabam

222 1381 280 1444 ari.
1122 1387 1164 1450 lt)

65 1481 133 1546 Cir.
157 1480 285 1547 Videre
299 1483 408 1566 egisse
417 1485 489 1567 jam
504 1489 616 1552 nescio
634 1486 715 1568 quid
732 1505 807 1550 oum
823 1506 913 1552 sone.

65 1584 129 1646 ΒΥ.
155 1582 210 1646 De
225 1584 286 1648 illo
302 1586 389 1669 qnod
406 1586 553 1652 duduml
578 1589 703 1653 dictum
720 1608 761 1652 ao
775 1588 902 1654 factum
917 1588 1056 1654 reddidi.

66 1682 132 1748 Cir.
157 1685 284 1750 Bonen’
309 1687 399 1753 fidel
444 1689 509 1753 ΒΥ.
534 1689 631 1754 Bona
653 1688 776 1791 hercle.
795 1738 804 1765 ·.
829 1689 897 1755 Cir.
924 1690 1003 1755 Non
1026 1706 1161 1772 possum

261 1809 284 1865 1,

66 1889 156 1967 Quin
172 1794 352 1974 tibibaput
366 1891 584 1957 demulceam.
629 1893 764 1958 Accede
778 1895 854 1970 huo,
870 1894 972 1977 Syre:

64 2059 89 2106 in
100 2073 154 2107 enm
165 2060 228 2106 mata
238 2057 353 2107 cecidisse.
386 2056 457 2106 Itane
473 2066 519 2121 eet,
530 2064 556 2107 ut
569 2060 651 2107 alenda
662 2060 694 2108 sit
704 2060 727 2108 ei
738 2061 821 2109 mulier
832 2061 874 2109 illa
892 2058 1019 2124 (Boethio)
1033 2073 1085 2107 eam
1095 2061 1163 2108 tanto

63 2124 203 2172 ancillarum
213 2121 343 2171 comitatu?
372 2123 485 2176 Quamvis
497 2139 542 2171 non
554 2138 604 2171 aum
615 2127 705 2172 nesciae
715 2140 766 2172 eum
776 2139 840 2184 agre
850 2139 896 2171 non
906 2124 1008 2171 hirtum
1019 2137 1064 2185 per
1073 2124 1163 2184 aliquot

64 2188 114 2236 dies
124 2192 220 2236 tantem
231 2187 386 2248 impensarum
396 2201 462 2244 onos,
472 2189 529 2235 adeo
539 2187 681 2236 desideravit
690 2188 772 2252 fitium
783 2188 878 2236 videre:
893 2189 934 2237 aed
943 2188 1034 2249 quando
1044 2192 1163 2248 cognoscet

64 2256 142 2300 tantos
151 2255 244 2299 sumtus
254 2251 484 2313 quotidiefuoiendor
495 2266 542 2299 esse
552 2251 577 2300 in
588 2255 654 2300 aomo
662 2267 714 2314 sua,
725 2254 794 2314 idque
803 2252 895 2300 manino
906 2253 971 2300 ultro
979 2253 1079 2309 modum,
1086 2252 1163 2299 denuo

65 2317 141 2379 eripiet
153 2321 182 2362 ret
187 2315 317 2377 filimere
327 2316 439 2364 discedat.
473 2314 827 2380 EeeehicSyrnmopporterre.
861 2317 908 2366 ΒΥ.
926 2315 1164 2371 Qnidmororoerbit

64 2380 166 2441 aggredi
189 2378 351 2427 Chremetem?
380 2379 432 2429 Cn.
450 2379 518 2442 Syre.
558 2381 606 2428 ΒΥ.
624 2380 696 2441 Hem,
706 2381 764 2442 qaid
780 2381 983 2440 eettjamdednm
1003 2379 1164 2429 desiderabam

64 2442 363 2506 temibioboiamofferri.
397 2443 449 2493 Cri.
472 2444 564 2492 Videris
576 2443 650 2503 egisse
659 2443 713 2503 jam
723 2445 799 2493 neseio
809 2445 864 2506 qaid
873 2460 926 2493 enm
937 2445 1083 2493 Menedemo.
1115 2444 1164 2492 ΒΥ.

64 2509 102 2557 De
112 2508 157 2557 itta
168 2521 204 2568 re,
215 2522 284 2568 qnam
293 2510 360 2568 longe
370 2512 426 2555 ante
436 2509 700 2557 eomornnieaoeremas?
736 2509 769 2558 Ut
779 2511 840 2567 dixi,
855 2508 890 2557 eie
900 2508 979 2572 effeci.
1007 2508 1059 2557 Cn.
1075 2507 1164 2557 Verere

63 2573 139 2620 dieis?
174 2572 222 2619 ΒΥ.
242 2572 288 2618 Per
300 2571 426 2619 Herculem
435 2585 487 2619 aere
498 2573 557 2620 dico.
591 2573 643 2620 Crt.
664 2573 718 2620 Non
728 2588 820 2634 possam
830 2573 948 2621 abstinere
961 2579 987 2620 nt
1002 2587 1049 2620 nort
1064 2571 1109 2620 tibi
1125 2587 1164 2620 eo·

63 2642 105 2699 pat
116 2637 270 2698 demulceam,
286 2636 322 2684 ita
332 2635 390 2684 mibi
401 2636 487 2696 placer.
517 2637 539 2682 0
551 2636 623 2697 Syre,
638 2638 837 2698 appropinquanti
854 2652 904 2694 me;
913 2636 1006 2695 sociam
1017 2636 1061 2684 tibi
1073 2636 1164 2700 aliquid

528 2769 690 2791 “neuun
695 2766 708 2788 O

99 2874 105 2886 1
134 2874 140 2886 ⁸
172 2872 178 2885 ἱ
327 2871 333 2883 0
361 2871 367 2884 1
427 2870 434 2894 ’
863 2873 868 2884 Ι

63 2872 639 2998 rtthtalhtth‘tttdttmi..¹52
653 2871 1164 2998 litttbtih'tttttl'1tzht·itti:

65 3005 145 3052 Certe
158 3001 261 3065 spurius
281 3007 330 3059 est,
346 3007 374 3049 et
389 3014 423 3049 ex
441 3007 503 3050 nota
523 3002 653 3064 marginali
674 3003 723 3050 hnc
743 3000 949 3064 irrepsit..Bent.
982 3000 1111 3048 ‘Omnino
1123 3001 1164 3050 hie

64 3082 156 3115 versus
168 3073 209 3114 est
219 3065 400 3127 Terentianus,
417 3066 548 3124 utute-hait
561 3065 592 3114 ab
604 3080 655 3115 uno
666 3081 698 3114 ex
718 3067 800 3128 Regg.
821 3080 861 3128 ap.
880 3066 958 3114 Beni.
993 3066 1075 3115 Notes
1095 3078 1165 3125 vero,

64 3131 177 3189 Cliniam
188 3129 316 3178 introiisse
324 3143 382 3178 cum
394 3129 526 3178 Bacchide
541 3129 575 3178 ad
595 3129 713 3193 patrem!
730 3131 836 3192 etp-r
856 3130 969 3192 Reponit
987 3130 1067 3179 Bent.
1081 3129 1165 3185 Quoti-

64 3198 145 3255 diano,
163 3193 336 3257 probantibus
356 3193 416 3256 Bip.
437 3193 624 3245 [intimiore-9
642 3195 706 3244 Mas.
729 3193 834 3258 quidam
854 3201 882 3243 et
902 3194 975 3254 editi,
998 3194 1046 3243 Sed
1068 3193 1163 3258 Syrum.

65 3260 216 3308 west—10
234 3257 300 3313 Quid
310 3262 354 3306 est.
387 3258 479 3307 Vocati
491 3259 609 3307 solebant
618 3271 744 3322 querere,
758 3257 838 3321 ‘quid
849 3258 911 3308 esti'
944 3260 1032 3310 Quare
1047 3259 1102 3308 haec
1113 3257 1165 3307 for·

66 3330 134 3373 tasse
145 3321 240 3371 melius
250 3321 316 3383 Syro
328 3319 488 3384 tribuuntur,
505 3338 579 3387 qnam
592 3324 731 3372 Chremeti.
767 3322 810 3372 Sic
826 3337 903 3386 supra
914 3335 945 3374 ιι.
957 3326 982 3371 b,
995 3327 1051 3372 1⁰8.
1084 3323 1164 3385 Syrus

66 3394 173 3437 uocatus
186 3386 233 3448 ait,
243 3386 250 3412 ‘
262 3385 323 3449 quid
335 3392 374 3435 est
383 3385 401 3434 i'
417 3393 444 3435 et
456 3401 494 3436 ιΥ.
505 3391 529 3436 4.
542 3392 582 3436 21.
607 3389 705 3436 Dromo
717 3394 833 3448 vocatus,
842 3387 850 3413 ‘
860 3387 921 3450 quid
937 3393 977 3435 est
994 3385 1054 3435 reii’
1072 3386 1164 3450 inquit.

67 3451 203 3514 integrum
215 3450 296 3514 igitur
305 3450 390 3501 locum
402 3450 436 3499 ita
447 3450 635 3500 ordinaverim:
652 3451 740 3515 Syrum
749 3451 836 3514 optime
845 3466 939 3500 eroum:
956 3465 1017 3499 cesso
1032 3451 1093 3500 bunc
1109 3453 1165 3498 ado-

67 3517 127 3564 riri?
144 3517 216 3578 Syre.
248 3514 296 3563 ΒΥ.
316 3515 387 3577 Hem
405 3515 469 3568 Quid
480 3513 536 3564 est?
551 3520 576 3564 te
593 3515 651 3564 mibi
667 3518 744 3576 ipsam
753 3518 808 3576 jam
826 3517 912 3564 dudum
922 3516 1030 3578 optabam
1040 3515 1101 3562 dari.
1133 3513 1165 3561 In

66 3581 197 3644 plerisque
208 3577 282 3627 libris
293 3585 342 3642 eat,
358 3580 504 3642 exoptabam,
521 3579 566 3627 sed
586 3578 735 3642 refragante
752 3586 843 3628 metro.
877 3579 910 3628 G.
926 3578 1069 3641 exoptabam.
1101 3577 1164 3627 EM.

67 3643 226 3707 expectabam.
243 3643 325 3692 West.
358 3644 525 3706 ‘Exoptabam
535 3644 598 3707 dari]
616 3645 690 3692 Beni.
703 3651 730 3693 et
742 3644 839 3708 aliquot
857 3644 901 3691 alii
920 3642 1015 3691 habent
1026 3641 1166 3700 jamdudum

68 3710 175 3771 optabam
183 3723 192 3765 ‚·
210 3715 237 3756 et
248 3706 315 3757 huuc
327 3721 365 3756 vs.
377 3707 414 3757 ita
426 3709 517 3757 ordina
528 3723 559 3755 ex
571 3709 589 3757 l.
600 3723 620 3756 s.
646 3707 698 3758 CH.
719 3705 846 3764 Quidem?
878 3709 925 3757 ΒΥ.
944 3707 976 3755 Te
993 3706 1052 3755 mibi
1069 3706 1087 3753 i.
1101 3703 1166 3763 jam-

70 3775 156 3822 dadum
175 3789 199 3820 o.
215 3770 249 3821 d.’
267 3772 314 3821 Fa.
347 3772 484 3834 ‘Optabam
504 3773 537 3821 ab
557 3772 669 3835 antiquis
690 3772 879 3821 correctoribus
895 3777 944 3820 est.
976 3770 1065 3818 Nostri
1088 3767 1166 3817 cedde

69 3837 214 3900 exoptabam·
248 3835 326 3898 Lege,
337 3836 402 3892 Quid
412 3842 463 3886 est?
479 3842 503 3886 te
513 3833 943 3900 meipsomjemauanmemproamt!
960 3834 1037 3883 Beut.
1069 3831 1166 3896 ‘vulp

71 3901 132 3950 Hem
145 3901 211 3958 erid
220 3904 275 3949 eet?
307 3900 332 3950 Α
342 3903 410 3949 mala
420 3915 496 3950 mann
514 3915 572 3949 esse
590 3897 742 3964 ‘quidest‘
760 3902 888 3962 glossema
904 3899 947 3946 τοῦ
966 3898 974 3925 ‘
982 3895 1058 3957 hem‚'
1076 3912 1166 3947 versus

75 3974 223 4028 argumento
242 3964 301 4015 est!
318 3965 392 4014 Both.
416 3967 459 4029 qni
478 3965 538 4013 iude
554 3963 632 4028 legit:
656 3965 703 4013 ΒΥ.
722 3965 794 4026 Hem
812 3964 892 4026 Ipsum
914 3968 937 4010 te
956 3961 1016 4010 mibi
1027 3962 1167 4022 jamdudum

75 4031 207 4093 exoptabam
217 4030 279 4078 dari.
313 4030 463 4092 Exoptubam
473 4030 519 4077 ΒΥ.
530 4029 561 4077 Ζ.
595 4027 730 4076 ‘Daciera
749 4028 827 4076 verba
846 4027 911 4081 Quid
929 4030 979 4074 est?
994 4026 1045 4089 ipsi
1064 4040 1166 4090 quoque

76 4089 134 4155 Syro
144 4093 284 4144 tribuenda
295 4100 400 4142 censet:
418 4094 494 4142 mole.
528 4093 621 4143 Melius
632 4091 788 4141 conveniunt
799 4089 930 4140 Chremeti
941 4091 1055 4154 cupienti
1067 4091 1166 4149 andire,

79 4159 132 4223 qnid
144 4173 203 4210 eum
215 4172 277 4208 rene
287 4157 390 4222 egerit)
407 4158 546 4208 lenm—13
564 4155 786 4220 Distinguendum
804 4162 893 4209 mouet
904 4156 982 4208 Bent.
996 4154 1090 4208 Beron'
1096 4155 1166 4220 fidet
