2678 4694
113 282 180 352 552
484 298 515 346 e.
537 297 719 346 unttnurrr
745 297 834 346 nent

114 446 183 512 Cu.
208 443 290 520 Hui,
308 453 376 508 tam
397 459 514 524 graves
536 441 607 518 hos,
630 442 771 523 quaesot
816 439 856 504 M
863 456 894 503 u.
916 439 975 504 Sic
999 440 1209 507 meritnm'st

245 565 366 609 meum.
1169 545 1212 608 40

117 651 185 715 Cu.
209 647 311 712 Nunc
327 646 475 729 loquere.
520 645 594 710 Ma.
619 645 739 709 Filium
760 647 896 709 unicum
921 645 1210 711 adolescentulum

118 750 259 816 Habeo:
282 748 342 813 ah!
365 747 449 832 quid
464 747 537 812 dixi
551 747 671 812 habere
682 747 759 810 mel
780 748 882 811 immo
894 746 1011 822 habui,
1026 744 1207 812 Chremes.

117 851 218 916 Nunc
232 850 384 926 habeam,
405 868 519 926 necne,
539 849 701 913 incertum
717 855 779 912 est.
824 846 892 913 Cu.
914 846 1007 925 Quid
1029 847 1079 913 ita
1102 848 1211 914 istucl

250 950 325 1014 Mn.
348 950 456 1015 Scies.
1204 968 1207 974 ·

120 1055 215 1118 Este
232 1052 389 1117 Corintho
402 1052 456 1116 hic
472 1051 604 1117 advena
618 1071 703 1116 anus
720 1050 947 1135 paupercula:

120 1154 203 1238 Ejus
218 1153 322 1218 filiam
337 1153 393 1217 ille
409 1173 520 1218 amare
534 1153 637 1236 coepit
651 1153 793 1237 perdite,
1174 1148 1215 1214 45

121 1256 233 1338 Prope
242 1256 315 1338 jam
331 1261 369 1318 ut
382 1274 442 1336 pro
457 1274 561 1318 uxore
577 1253 728 1318 haberet:
752 1253 825 1317 haec
842 1253 930 1316 clam
944 1271 997 1315 me
1012 1250 1138 1315 omnia.

120 1357 190 1421 Ubi
205 1376 276 1420 rem
290 1355 424 1430 rescivi,
436 1355 527 1438 coepi
540 1375 607 1419 nou
622 1354 828 1431 humanitus,

120 1460 243 1543 Neque
258 1463 295 1521 ut
311 1457 456 1521 animum
474 1458 585 1522 decuit
600 1463 760 1538 aegrotum
776 1452 1032 1530 adolescentuli,

119 1562 297 1640 Tractare;
322 1559 379 1622 sed
396 1561 441 1636 vi,
456 1567 489 1622 et
504 1559 559 1622 via
577 1560 770 1641 pervolgata
784 1563 930 1638 patrum.

121 1663 285 1742 Quotidie
301 1663 521 1727 accusabam:
546 1662 646 1738 Hem,
660 1662 760 1723 tibine
775 1661 849 1723 haec
864 1659 989 1722 diutius
1172 1662 1213 1724 50

20 1844 23 1849 ,
66 1775 73 1786 “
122 1769 239 1833 Licere
255 1784 371 1847 speras
385 1763 505 1839 t'acere,
520 1783 574 1826 me
587 1763 664 1826 vivo
679 1768 783 1845 patre,

119 1948 254 2009 portosltos
269 1951 373 1996 reso-ost
406 1944 463 1995 nte.
480 1948 565 2004 Peene,
581 1960 626 2008 qao
645 1947 732 2008 dignas
747 1961 811 2006 sam,
824 1945 859 1993 sic
873 1946 987 2020 postulat.
1019 1945 1073 1994 Cn.
1092 1946 1166 1994 Ntsttc
1181 1958 1218 1993 ex·

120 2011 183 2072 plica
193 2027 295 2071 cuasam,
312 2026 354 2060 car
371 2015 394 2060 te
411 2010 507 2059 crucier.
544 2011 598 2059 Ma.
619 2012 662 2059 Est
681 2010 739 2059 milei
749 2010 818 2074 filios
836 2024 921 2058 aeteus
936 2010 1126 2058 adolescentulas.
1160 2007 1218 2058 alt

123 2077 179 2136 quid
189 2077 251 2137 dixi,
260 2076 318 2124 resiln'
328 2090 407 2135 esaan
420 2075 534 2124 Cltreme?
549 2074 645 2134 sedsut't
657 2075 715 2123 mili
726 2075 840 2124 sutelae:
856 2089 917 2122 nare
934 2080 1013 2122 stram
1028 2075 1070 2134 sit,
1086 2089 1169 2135 stone,
1179 2073 1218 2121 ds·

124 2139 240 2190 biamest.
273 2141 324 2190 Cn.
346 2142 396 2188 Cor
406 2140 471 2188 istud
479 2139 515 2187 ito
524 2143 568 2200 est,
580 2143 607 2186 ut
618 2154 679 2187 nanc
689 2154 735 2187 non
746 2138 830 2187 ledeos
832 2137 932 2201 filiam?
965 2139 1137 2187 Medullia.
1176 2136 1218 2186 Vn·

123 2205 173 2251 tuln
182 2200 400 2318 egenaeferegrino
411 2217 441 2252 ex
453 2203 574 2258 Corintho,
585 2203 641 2251 arbe
654 2203 759 2258 Acltnioe,
776 2202 867 2250 delitui
884 2203 909 2250 in
920 2203 962 2250 ltoc
973 2202 1065 2265 oppido.
1102 2200 1219 2264 nefitus

112 2282 188 2322 ,meas
195 2285 238 2329 cop
286 2273 321 2316 est
332 2282 409 2316 amore
420 2268 491 2315 nimis
502 2267 629 2315 vehementi
670 2268 700 2314 e'oe
710 2266 779 2326 laius
790 2268 883 2324 vesuta,
893 2268 950 2314 odeo
966 2266 1111 2327 atserejont
1125 2265 1218 2314 tederet

123 2347 174 2378 eom
182 2347 226 2394 pro
236 2346 318 2381 uxore.
352 2331 418 2379 Fecit
434 2332 483 2379 laec
502 2333 589 2384 mnia,
605 2345 642 2378 me
658 2331 783 2379 nesciente.
820 2331 867 2378 Ubi
880 2329 907 2377 id
927 2330 1034 2391 cognovi,
1054 2335 1149 2394 repente
1165 2327 1220 2404 copi

124 2399 226 2443 tractare
236 2395 395 2459 animumjilii
409 2397 463 2454 mei,
473 2409 563 2456 agrum
574 2409 661 2454 amore,
670 2395 796 2442 inhumane
808 2399 831 2441 tt
842 2394 1000 2456 inclementer,
1011 2408 1084 2457 tteqrse
1096 2399 1122 2442 sl
1135 2395 1218 2448 dedam·

124 2461 166 2506 sed
176 2459 326 2520 oljargolrnm
334 2475 386 2506 eum
398 2459 500 2521 qaoddie
509 2459 622 2507 violenter
633 2463 656 2505 et
667 2473 730 2506 more
740 2457 855 2505 commatri
864 2463 967 2520 patrans.
1003 2458 1065 2506 Hem
1075 2458 1088 2509 l
1103 2458 1218 2512 dicebam

124 2538 155 2572 on
167 2524 241 2573 credis
251 2524 296 2572 tibi
305 2525 412 2588 aemilii
422 2522 562 2587 intimandi,
577 2537 629 2586 qaoe
639 2521 712 2581 sucis,
730 2523 831 2583 longiori
846 2526 949 2585 tempore
961 2523 1053 2585 facere,
1068 2537 1105 2571 me
1121 2523 1220 2582 vivente,

126 2785 296 2832 nocuum-42
312 2781 363 2831 Ms.
377 2781 447 2844 [ips.
457 2782 502 2832 Br.
513 2780 602 2833 (tuuf.
614 2786 638 2832 8.
650 2783 704 2831 ΕΡ.
721 2782 797 2831 Botlr.
807 2780 841 2830 At
853 2781 908 2843 qttid
918 2783 942 2830 d.
960 2781 1009 2829 Mt.
1022 2781 1100 2832 Bodl.
1116 2781 1151 2831 At
1163 2785 1221 2846 qaod

125 2850 149 2898 d.
167 2847 221 2923 Ep:
234 2861 284 2896 uon
297 2846 414 2909 agnoscit
425 2845 454 2893 ri
465 2847 609 2922 imma-ld
626 2847 754 2922 rinest‘itn
765 2845 853 2895 Guelf.
865 2849 953 2894 n-—te
974 2846 1055 2921 B⁰d¹·.
1066 2847 1096 2893 li.
1107 2847 1133 2904 s.
1146 2849 1190 2923 iste
1200 2864 1221 2896 a.

126 2910 1222 3038 att'tttatnlfltt‘titt.”tatawittitiliitttttttttta:

127 3055 193 3089 nem:
219 3039 335 3087 nonnulli
353 3046 500 3100 utrumqne,
516 3038 607 3100 perdite
623 3039 754 3100 virginem:
779 3040 833 3099 alii,
855 3037 971 3100 virginem
988 3038 1090 3100 perdite.
1123 3041 1221 3089 Eritis

127 3103 226 3153 duabus
239 3117 295 3164 qua»
307 3100 420 3151 deterior
431 3103 481 3150 etit
492 3103 579 3164 lectio,
596 3103 690 3152 ‘Dede
708 3104 780 3163 neci3
798 3103 889 3153 melior
906 3117 988 3151 vacua
1006 3103 1063 3151 sine
1086 3111 1179 3166 regnet
1197 3105 1221 3153 in

129 3165 210 3216 eula’-
240 3165 365 3229 Equidem
374 3167 491 3226 virginem
507 3167 623 3228 retineo;
641 3168 738 3231 quippe
758 3182 814 3232 qnae
833 3182 892 3215 mox
912 3166 1058 3215 invenietur
1078 3167 1222 3218 Chremetis

128 3230 189 3280 filia.
222 3228 258 3279 At
269 3231 317 3279 isto
327 3233 419 3295 pedite
430 3229 491 3278 nihil
503 3238 543 3280 est
555 3245 635 3293 opus3
653 3233 747 3295 quippe
759 3232 784 3280 id
797 3232 858 3281 eatis
868 3232 1014 3293 exprimunt
1034 3246 1092 3293 qrtae
1112 3244 1222 3294 sequnn-

129 3301 181 3372 tur3
192 3296 199 3323 ‘
210 3294 358 3372 [fropetjrm
368 3302 396 3343 nt
408 3309 455 3370 nro
465 3309 545 3344 uxore
557 3295 696 3372 liaberet3''
714 3298 851 3372 Bmtss‘n
870 3296 949 3370 lsarie
969 3297 994 3341 iu
1007 3295 1078 3371 diss.
1099 3304 1127 3372 et
1147 3299 1222 3374 editis

128 3359 1224 3489 ἰθὲεᾳῒῖι18*ΙἱξὲἒῐῐίἱηῑέῗωτἩεζθέῗξὲιιὶῑὶέξιθῖᾜἰἶίεεωνιιέιῖεὸῑιίειεῗωῖςῖωὴῗῖηαῗὲἶσῖᾪῖ

129 3490 205 3538 modo
217 3495 244 3537 et
254 3487 407 3536 Diomedem
427 3488 521 3550 legisse
538 3489 658 3537 observat
678 3489 734 3538 ute.
767 3489 920 3551 Quanquam
940 3488 965 3534 in
979 3487 1071 3538 Eva,
1088 3489 1225 3539 aaronitas

129 3555 198 3617 apud
212 3552 363 3602 Diomedem
376 3554 485 3614 reperio.
516 3552 549 3600 In
567 3560 677 3616 quatuor
693 3560 777 3602 tamen
797 3553 861 3601 Mss.
883 3551 972 3601 Leidd.
991 3553 1034 3600 l'r.
1055 3552 1088 3601 G.
1109 3560 1137 3601 et
1146 3555 1224 3605 Bodl.

128 3618 311 3683 impressisque
320 3617 450 3666 vetustiss.
461 3622 501 3665 est
511 3617 652 3667 inmundus.
686 3617 717 3666 ln
731 3615 804 3666 Leid.
814 3623 838 3665 5.
849 3616 926 3664 dubie
945 3615 1080 3678 scriptum,
1099 3617 1224 3668 tumuit.

129 3683 173 3732 lta
184 3684 243 3732 etin
256 3681 350 3730 Boend.
385 3681 483 3730 Nonius
495 3681 671 3730 ‘humanitus'
683 3689 710 3731 et
720 3679 898 3729 ‘lrtrmaniter'
911 3678 1037 3739 leodelodus
1048 3679 1130 3729 facit.'
1149 3683 1223 3734 Idem.

129 3751 194 3796 -49
210 3748 326 3808 Vulgata
335 3745 360 3795 ei
371 3750 394 3794 et
404 3745 444 3793 oin
452 3745 555 3794 excedit
566 3747 709 3806 senarium3
726 3752 753 3794 et
761 3745 825 3809 'quid
838 3759 903 3807 oprts
915 3752 955 3792 est
964 3744 989 3792 ei
1000 3744 1032 3793 ad
1044 3749 1224 3798 accusandum.

131 3809 224 3859 Ortum
236 3811 309 3860 nobis
322 3811 423 3859 videtur
433 3811 458 3857 oi
469 3823 501 3857 ex
513 3808 632 3873 ambigue
644 3812 712 3859 lecto
723 3810 770 3858 oin.
789 3807 825 3857 ef.
844 3824 904 3857 vero
922 3809 1010 3859 Plaut.
1021 3808 1106 3857 Mero.
1119 3823 1137 3858 t.
1150 3815 1174 3861 1.
1185 3815 1226 3860 to.

130 3888 205 3936 quem
219 3875 315 3924 Noster
326 3875 439 3924 imitatus
451 3881 499 3923 est.
516 3873 575 3937 Rip.
606 3875 671 3925 ‘Sed
687 3876 711 3924 oi
731 3880 755 3923 et
772 3873 811 3921 ain
827 3875 966 3935 permlgats
983 3888 1006 3935 ρ.
1026 3873 1092 3921 male
1111 3875 1224 3936 clitoni,

131 3937 210 4000 qnod,
227 3939 248 3987 si
257 3939 340 3988 locum
352 3939 467 4001 habetet,
483 3939 642 4001 praecipuum
654 3940 703 3988 sibi
716 3945 851 3986 accentum
863 3944 993 3999 posceret,
1010 3937 1048 3985 tio
1060 3944 1146 3987 autem
1158 3957 1225 4002 noso·

130 4000 257 4058 evanidos
267 4005 443 4066 pronuntiato,
455 4003 581 4066 qttomodo
592 4018 633 4068 ap.
643 4004 748 4052 Terent.
760 4015 897 4065 nunquam.
930 4002 1072 4051 Aberranti
1081 4002 1228 4063 igiturocn·

130 4065 163 4113 lis
173 4067 277 4115 librario
288 4066 416 4118 debentur
425 4067 536 4118 verbani
546 4072 584 4124 είς
602 4083 649 4132 pro
657 4067 797 4130 pervulgato
807 4073 893 4114 antem
904 4066 1067 4114 scribendam
1079 4082 1122 4129 pro
1130 4070 1228 4130 vulgato

133 4130 152 4180 i.
163 4145 188 4182 e.
198 4130 338 4181 secundnm
349 4133 479 4197 volgatam
491 4140 595 4198 patrum
606 4133 682 4195 siam,
698 4131 817 4193 maxime,
834 4144 867 4179 ne
887 4144 988 4181 casura
1006 4131 1123 4194 legitima
1139 4147 1227 4184 versas
