2678 4694
298 306 339 357 in
363 302 683 358 unnuronrrnon.
707 304 915 360 rnonocus.
1091 293 1157 359 545

57 454 152 520 Nam
167 451 259 538 qnod
274 470 425 516 rumores
437 451 635 515 distulerunt
648 451 820 531 malevoli,

58 555 187 622 Multas
202 555 449 618 contaminasse
464 553 617 630 Graecus,
631 553 710 617 dum
724 554 806 619 facit

57 657 194 722 Paucas
210 656 367 735 Latinas3
389 653 513 718 fuctum
528 653 583 718 hic
597 673 671 717 esse
686 655 721 718 id
734 674 799 719 nou
814 659 923 737 negat,

59 759 182 843 Neque
196 779 233 823 se
247 758 282 820 id
294 758 424 840 pigere:
446 762 480 820 et
495 754 614 820 deinde
628 755 791 821 sucturum
809 765 971 822 autumet.

58 861 179 925 Habet
193 862 356 947 bonorum
368 857 581 940 exemplum:
598 876 667 940 qno
682 858 837 940 exemplo
854 859 919 923 sibi
1112 859 1158 927 20

45 963 179 1026 'Licere
194 961 227 1025 id
243 961 364 1039 iecere,
380 958 469 1042 quod
484 959 534 1022 illi
547 958 705 1035 fecerunt,
721 966 826 1042 putat.

54 1065 148 1128 Tum
162 1062 251 1145 qnod
267 1060 456 1126 malevolus
470 1066 566 1125 vetus
577 1060 679 1143 poeta
694 1062 840 1140 dictitat,

57 1166 215 1249 Repente
229 1162 271 1227 ed
289 1162 435 1226 studium
449 1161 536 1226 buno
551 1182 588 1226 se
601 1163 792 1245 applicasse
807 1166 983 1239 musicum,

56 1257 217 1332 Amicum
232 1265 364 1348 ingenio
380 1264 510 1342 fretum,
521 1263 611 1329 hund
624 1273 743 1329 natura
757 1285 840 1345 sun3

55 1369 241 1434 Arbitrium
255 1376 416 1442 vestrum,
429 1373 539 1432 vestre
553 1367 761 1431 existimatio

56 1469 214 1550 Valebit;
238 1468 454 1550 quamobrem
469 1485 585 1531 omnes
600 1486 663 1530 vos
675 1474 788 1532 oratos
804 1469 893 1546 volo,

56 1573 114 1640 Ne
129 1572 208 1656 plus
222 1570 371 1654 iniquum
382 1570 503 1652 possit,
518 1589 619 1652 quam
632 1588 776 1652 aequnrn,
788 1573 903 1636 oratio.

57 1675 177 1744 Facite
192 1669 283 1755 aequi
299 1672 390 1736 sitis:
413 1671 492 1735 date
506 1673 678 1736 crescendi
693 1674 838 1755 copiam,

56 1776 236 1843 Novarum
251 1774 310 1856 qni
325 1772 500 1855 spectandi
515 1772 641 1836 faciunt
656 1774 788 1856 copiam

57 1877 139 1942 Sine
153 1876 265 1956 vitiis;
287 1894 330 1937 ne
345 1875 401 1937 ille
416 1894 476 1957 pro
492 1893 529 1937 se
544 1873 670 1938 dictum
686 1876 873 1952 existumet,

57 1977 130 2056 Qui
144 1996 252 2060 nuper
265 1976 345 2040 fecit
356 1994 452 2040 servo
467 1977 611 2040 currenti
621 1977 656 2039 in
671 1977 728 2041 via

55 2207 109 2243 sum
122 2191 329 2255 proemium.
363 2191 435 2252 Nom,
453 2194 514 2256 quod
528 2193 606 2242 insidi
624 2193 806 2252 &subruerunt
827 2205 951 2252 sermome,
970 2193 1046 2256 ipsum
1057 2193 1155 2243 Po'etsnr
1230 2238 1233 2247 .

58 2257 195 2306 Terentium
206 2257 334 2304 mouture
351 2261 375 2304 et
389 2258 518 2320 corrupisse
536 2258 622 2306 multos
639 2259 770 2305 Gemonios
783 2257 891 2316 Grecos,
903 2258 1061 2319 qunnnosecit
1071 2275 1157 2319 possus

57 2321 175 2369 Minus:
192 2319 230 2368 bie
245 2335 291 2368 non
305 2319 427 2386 inficiatur
440 2336 455 2368 n
465 2335 489 2368 se
502 2321 596 2380 fretum
606 2335 663 2380 esse,
671 2325 699 2368 ut
710 2336 741 2368 ex
751 2320 831 2369 multis
844 2322 937 2369 Groeeis
946 2336 1027 2382 pnueoe
1037 2338 1155 2385 compone-

56 2390 141 2446 rentur
151 2384 248 2432 Iatinoe
256 2400 265 2442 ,·
274 2399 341 2446 seque
351 2400 397 2433 non
406 2385 518 2446 penitere
528 2387 639 2450 affimat,
648 2391 673 2432 rt
683 2400 708 2433 se
718 2385 801 2432 deinde
811 2385 893 2432 itidem
898 2387 1023 2444 sucturum
1033 2387 1158 2449 opinetur:

56 2449 128 2498 babet
138 2448 202 2496 enim
212 2448 406 2509 minerbense,
419 2448 539 2508 Nerium,
557 2449 679 2508 Plautum,
698 2453 722 2497 et
739 2453 826 2497 eeteros
844 2449 931 2497 Po'e'tas
951 2449 1065 2498 Comicus.
1102 2452 1156 2507 Qus

56 2513 192 2562 innurrm
201 2517 271 2574 petat
281 2512 327 2560 ribi
344 2513 414 2561 licere
425 2513 488 2560 idem
500 2513 592 2571 furere,
608 2515 669 2575 quod
678 2513 837 2571 illisererunt.
871 2514 931 2560 Turn
940 2514 1032 2572 deinde,
1043 2521 1156 2575 quonium

57 2579 88 2626 uri
99 2577 126 2625 is
134 2575 238 2636 pertinet
249 2577 310 2638 qnod
320 2582 387 2625 verns
400 2576 474 2624 Poeta
485 2577 526 2625 ille
540 2577 572 2625 L.
584 2577 699 2625 Lavinius
707 2578 828 2636 malignus
836 2577 886 2625 esis
894 2578 1155 2637 nenacrronrornjarri-

56 2647 103 2701 tut,
123 2638 376 2688 sensimsensrm
392 2640 508 2704 appulisse
524 2641 602 2688 subito
621 2643 652 2687 nri
668 2642 771 2688 studium
789 2641 913 2688 Musarum
933 2646 957 2688 et
973 2644 1005 2688 od
1021 2642 1156 2691 sentruden

59 2703 203 2763 emtus,
218 2703 328 2769 confisum
343 2703 421 2766 potins
438 2704 533 2765 ingenio
550 2709 573 2750 et
589 2704 706 2751 industrio
717 2718 809 2750 snorum
821 2705 991 2765 justitiarium,
1004 2706 1122 2766 Scipionis
1132 2713 1155 2755 et

56 2769 138 2827 Loelii,
148 2781 218 2831 worn
229 2783 271 2816 sun
281 2773 367 2816 nutura
378 2773 402 2816 et
411 2775 463 2817 arte
469 2784 480 2825 ‚·
493 2769 519 2815 r'rr
530 2767 572 2814 noe
582 2773 685 2815 oestrum
690 2766 807 2824 judicium
818 2772 839 2814 et
852 2774 929 2814 nestra
941 2770 1057 2817 sententio
1067 2772 1157 2831 purus

57 2839 81 2882 et
90 2832 258 2882 mamertem
268 2831 370 2881 babebit.
405 2833 553 2895 Quapropter
562 2846 601 2877 oro
611 2845 734 2880 oosomnes
744 2844 773 2878 ne
782 2845 856 2878 sermo
866 2831 999 2892 irriqunrum
1009 2834 1060 2892 plur
1071 2836 1159 2893 notent,

57 2911 127 2960 osum
138 2910 214 2945 sermo
226 2896 335 2943 burrum
346 2901 368 2945 et
374 2895 504 2956 iustorum.
539 2895 637 2955 Curate,
654 2900 682 2942 nt
697 2910 728 2943 ex
745 2897 856 2956 oequnnts
872 2900 950 2942 nestra
964 2897 1024 2942 nanc
1033 2910 1082 2942 rem
1094 2898 1157 2944 urbi·

57 2961 162 3010 tremiti.
198 2959 282 3007 Facite
299 2965 435 3022 potestatem
454 2965 480 3008 nt
499 2965 615 3020 ungentur
633 2966 656 3007 et
674 2961 843 3007 incrementum
861 2958 940 3020 cupiet
958 2974 1036 3007 eorum
1046 2960 1117 3019 sumo
1132 2967 1157 3011 et

51 3026 133 3086 soror,
143 3024 188 3085 qui
198 3025 257 3072 dont
267 3026 354 3086 rupium
370 3030 395 3073 et
406 3024 547 3083 fucultatem
557 3024 677 3086 spectandi
687 3039 759 3072 nonus
772 3023 874 3072 Fnbnlus
886 3023 1000 3085 Comicus,
1012 3025 1082 3072 nutris
1092 3039 1156 3074 erro·

57 3090 124 3137 ribus
142 3092 167 3136 et
185 3087 254 3135 uitiis
270 3090 413 3150 inquinatus.
448 3089 484 3137 Ne
501 3088 617 3139 Latinius
631 3093 698 3147 putet
715 3087 765 3135 brec
782 3087 831 3135 riri
847 3089 884 3135 sui
901 3103 987 3146 russu5
1004 3104 1055 3137 rum
1065 3104 1111 3137 non
1121 3092 1158 3142 ita

57 3153 131 3202 multo
142 3151 310 3210 anteiturferit
321 3152 347 3201 irr
357 3167 399 3200 nro
407 3152 524 3215 primate,
533 3157 561 3201 nt
570 3153 667 3216 populns
678 3153 806 3215 decederet,
813 3156 835 3200 et
847 3153 922 3200 lorum
932 3155 1000 3201 duret
1010 3168 1077 3202 servo
1084 3153 1156 3213 fatuo

59 3460 89 3505 17
106 3455 204 3504 Sensus
217 3454 319 3505 videtur
330 3457 510 3506 commendare
521 3456 658 3505 lectionem
671 3455 774 3518 Primi,
792 3471 867 3520 quiam
880 3458 957 3507 Bent.
968 3471 1071 3521 qnoque
1086 3471 1158 3507 seeu-

59 3527 100 3568 tns
123 3527 175 3579 est,
195 3517 270 3578 furit,
292 3535 340 3582 pro
355 3521 426 3581 ferit.
451 3522 598 3570 zeum-18
615 3521 722 3582 ‘Lege'
744 3521 828 3585 inquit
849 3522 926 3570 Bent.
942 3523 1019 3570 ‘cum
1040 3522 1160 3569 omnibns·

58 3583 153 3633 uostris
164 3590 193 3632 et
204 3581 265 3633 edd.
275 3590 341 3634 vett.
357 3585 384 3634 id
400 3599 449 3634 esse
459 3585 601 3645 furtumbie
611 3599 656 3631 non
666 3584 756 3646 negat!
789 3584 831 3632 Ita
848 3600 950 3647 quoqne
971 3586 1016 3634 Br.
1038 3592 1065 3632 et
1085 3585 1156 3634 Peri.

57 3647 168 3696 Botbins
178 3647 273 3706 suetum
285 3649 310 3696 id
321 3649 553 3698 erutione-19
572 3649 655 3696 Recte
674 3650 753 3696 soiius
773 3647 892 3696 Bembini
904 3649 954 3696 fide
973 3648 1050 3710 ejecit
1066 3647 1092 3695 id
1110 3648 1157 3696 Fe.

58 3711 497 3825 tetrantibus''titt”
508 3710 561 3825 §Ji
569 3727 637 3823 iiii
644 3711 1121 3833 ‘tinebitirritentur
1130 3710 1156 3825 ³21¹

58 3839 142 3903 Neque
152 3855 179 3888 se
189 3792 294 3901 peiere?
290 3845 313 3887 et
322 3793 506 3898 anniciorum
515 3842 549 3888 iri
556 3791 676 3889 autumnis
683 3841 825 3888 Boot-2³
838 3841 916 3901 Lege,
925 3839 1004 3901 inquit
1013 3838 1088 3901 inem,
1098 3853 1156 3888 cunr

58 3902 155 3952 uostris
165 3901 220 3951 fere
231 3905 349 3952 omnibus
360 3913 386 3953 et
398 3905 457 3953 edri.
469 3913 533 3954 vett.
547 3905 579 3953 It
589 3920 611 3952 n.
622 3919 640 3951 s.
651 3918 708 3952 serr.
720 3903 1010 3953 bunrm.-261nBeur.
1021 3910 1061 3952 est
1071 3919 1157 3967 quere:

59 3967 84 4019 'ur
94 3968 168 4017 vict.
181 3977 267 4021 sotem
278 3969 419 4030 ascriptum
429 3970 456 4018 in
467 3969 570 4019 rnodnnr
585 3967 660 4016 varies
674 3968 802 4028 lectionis,
821 3970 858 4015 rel
879 3981 959 4028 quare.
992 3968 1155 4017 vetustiores

59 4032 141 4081 nostri
165 4047 265 4087 omnes,
284 4033 366 4096 inquit
384 4034 463 4082 Bent.
485 4047 565 4097 quare,
585 4046 636 4080 non
656 4031 812 4094 quomobrem.
842 4033 923 4087 Quare
934 4031 1012 4079 etiarn
1032 4032 1157 4081 exhibent

59 4094 108 4146 Br.
126 4097 184 4146 ΕΡ.
201 4097 274 4145 Peri.
292 4097 435 4146 Bothe-30
451 4099 515 4148 Mes.
534 4104 562 4147 et
581 4093 646 4144 editi
672 4094 787 4160 qnidam,
803 4110 845 4144 nee
863 4095 977 4146 irre-se
994 4096 1156 4159 Interpretes

122 4175 212 4239 Delpir.
221 4179 245 4225 et
255 4174 315 4224 Ver.
327 4176 393 4226 Clus.
569 4176 666 4225 Terent.
802 4215 806 4220 ,
1027 4179 1043 4224 2
1061 4176 1089 4225 M

1267 4168 1272 4283 t]
