2678 4694
574 288 825 342 caenaturi.

387 549 425 595 tt.
449 548 537 598 Aret.
560 549 708 598 munitet
732 549 1019 600 saeuiturum.

154 679 330 746 Pitumnus,
346 682 616 733 LsciretiseSestrsts
624 697 706 734 uxore
716 682 794 746 tiliae,
805 684 960 734 Bacchidem
971 685 1139 736 meretricem
1151 685 1245 751 deperi·

186 764 240 814 bat.
272 763 300 812 is
316 778 374 812 cum
392 763 529 828 aliquande
542 770 620 815 noctu
638 762 671 813 ad
690 776 748 814 eam
767 766 925 815 temulentus
941 766 1003 824 iret,
1018 765 1045 815 iu
1063 766 1247 829 Philumenen,

115 872 141 913 ς
185 842 311 906 Phidippi
322 849 349 893 et
359 843 501 906 Myrrhine
512 841 603 905 filiani,
619 843 720 900 incidit,
736 859 843 910 eamque
861 842 889 895 in'
899 847 941 894 vis
956 859 1005 910 per
1016 847 1068 895 rim
1079 849 1246 915 compressit:

186 930 263 989 atque
283 925 320 972 its
341 921 443 987 cffugit,
460 930 490 973 nt
510 937 594 988 mene
614 924 672 988 ipse
692 939 759 982 um,
775 940 859 990 neque
878 927 966 989 paeiia
990 927 1076 991 ipsene
1095 941 1246 992 cognoscere

185 1003 311 1069 potnerit.
343 1003 374 1052 ln
392 1003 438 1053 iiia
454 1009 540 1053 anum
560 1005 633 1055 iecta
650 1005 728 1054 etiam
745 1006 867 1055 anneinsa
877 1007 904 1056 ei
919 1005 1046 1069 detraxit,
1061 1022 1177 1073 eumque
1187 1008 1246 1057 hiae·

186 1082 256 1134 ehidi
271 1083 339 1134 deno
361 1082 443 1133 dedit.
476 1084 565 1134 Psuie·
580 1091 641 1149 post
658 1092 734 1148 pater
753 1101 821 1147 enm,
842 1096 897 1137 tem
915 1094 946 1137 nt
961 1102 978 1136 a
996 1087 1149 1138 meretricie
1166 1099 1248 1137 amore

187 1169 327 1226 averteret,
344 1170 398 1212 turn
418 1169 448 1211 nt
467 1162 617 1226 presidium
635 1179 688 1215 see
705 1166 834 1216 senectuti
849 1174 965 1232 pareret,
982 1166 1016 1217 ad
1027 1182 1138 1218 uxeoem
1157 1167 1249 1218 decen·

186 1242 246 1293 dmu
256 1243 379 1308 perpulit.
396 1243 522 1307 Contigit,
534 1251 565 1294 nt
574 1259 606 1295 ea
617 1245 675 1309 ipsa
686 1260 751 1296 exer
761 1246 787 1295 ei
803 1244 920 1310 daretur,
934 1261 1011 1312 qnam
1022 1249 1081 1312 ipse
1097 1255 1249 1310 constupra-

185 1330 278 1384 serst;
304 1321 433 1387 gsudente
455 1325 589 1375 admodum
609 1326 703 1389 pueiire
723 1333 815 1391 matre,
829 1343 897 1392 que,
918 1328 979 1393 quia
998 1329 1054 1378 seia
1072 1329 1180 1379 meseia
1198 1331 1249 1376 erat

185 1403 264 1455 diiam
275 1419 289 1454 e
300 1411 391 1468 stnpro
407 1404 540 1467 gravidam
551 1420 616 1467 esse,
632 1406 818 1470 quamprimum
830 1420 885 1457 eam
897 1406 1024 1458 eeiiecare
1036 1406 1210 1472 properabat,
1217 1413 1250 1468 rt,

187 1486 209 1535 si
227 1482 296 1535 ferte
313 1490 375 1548 post
391 1485 491 1549 siiqm
506 1499 607 1535 menses
627 1492 742 1549 pareret,
757 1485 865 1549 nuptiis,
888 1487 1104 1550 quemadmodem
1123 1501 1199 1550 supe
1213 1483 1251 1548 tt,

186 1566 357 1629 obtegeretur
373 1570 502 1630 stuprum.
534 1564 638 1614 Cecidit
654 1579 697 1616 res
714 1566 790 1628 ienge
808 1565 896 1629 aliter,
919 1565 1119 1630 reputabatur.
1152 1566 1251 1617 Etenim

185 1644 349 1711 Pamphiles,
373 1646 417 1710 qei
436 1645 603 1695 invitissimus
623 1645 762 1709 adjecisset
783 1646 896 1697 animum
917 1644 950 1695 ed
971 1660 1024 1697 rem
1043 1647 1176 1711 uxoriam,
1195 1647 1252 1711 quis

187 1726 299 1776 areiiere
310 1738 338 1773 se
352 1725 496 1788 derepente
512 1739 529 1773 a
540 1725 678 1774 Bacchidis
695 1738 782 1774 suere
799 1740 849 1775 uon
860 1733 958 1790 postet,
974 1728 1013 1776 ita
1030 1725 1129 1776 dormit
1139 1742 1199 1777 cem
1210 1743 1250 1777 ex·

186 1819 243 1868 ore,
261 1810 292 1854 nt
308 1817 365 1854 eam
384 1816 417 1854 nc
432 1805 551 1868 attigerit
570 1805 681 1869 quidem.
714 1804 835 1867 Bacchis,
852 1806 930 1871 qnod,
948 1821 979 1857 ea
991 1807 1060 1868 vivs,
1078 1822 1210 1872 nunqnam
1225 1821 1251 1857 re

186 1898 293 1935 exomni
309 1882 456 1944 ducturum,
472 1898 543 1946 saepe
562 1884 587 1932 ei
600 1885 753 1946 promineret
768 1885 930 1948 Pamphilus,
949 1886 1101 1935 nonnetlsm
1112 1886 1207 1936 sibisb
1220 1899 1250 1935 eo

186 1964 283 2016 iactam
291 1964 409 2028 iujuriam
415 1970 521 2026 putans,
528 1964 641 2014 mnltoei
652 1965 745 2030 uiues,
752 1981 829 2030 qusai
837 1966 946 2029 sciebat,
954 1967 1057 2030 placida
1068 1973 1097 2016 et
1108 1967 1250 2031 obsequere

186 2058 246 2095 esse
265 2044 355 2107 cepit.
387 2043 427 2093 Eo
447 2040 544 2093 fsctnm
563 2049 614 2107 est,
632 2050 662 2093 nt
681 2045 831 2109 Pamphilus
849 2046 873 2095 ei
892 2059 921 2096 re
941 2046 1069 2109 pseiatim
1093 2047 1250 2108 subduxerit,

187 2138 316 2191 qumque
327 2124 398 2187 prius
410 2125 553 2189 spernebat
563 2139 678 2182 uxerem,
695 2126 752 2188 ejus
763 2125 898 2175 mirificum
909 2126 1035 2190 quendam
1045 2141 1162 2177 amorem
1172 2127 1249 2176 anime

188 2205 348 2269 conceperit.
380 2203 487 2253 Interes
497 2203 620 2268 quiddam
638 2203 743 2265 accidit,
753 2211 784 2253 nt
795 2205 846 2252 iter
858 2204 992 2267 Pamphilo
1003 2205 1029 2252 in
1040 2202 1161 2254 Imbrum
1178 2213 1247 2254 esset.

189 2285 315 2336 Profecto
337 2299 378 2345 eo,
400 2282 564 2344 Philumena,
582 2296 640 2348 quse
665 2284 839 2333 intumescere
858 2282 906 2332 sihi
924 2289 1026 2332 uterum
1056 2285 1180 2348 sentiret,
1198 2298 1247 2333 ceu

186 2367 302 2426 siierem,
313 2372 368 2413 tem
378 2377 467 2413 socrus
482 2363 599 2426 inprimis
618 2377 671 2412 snm
689 2371 856 2428 conspectum
875 2361 1032 2427 refugiebat.
1063 2365 1181 2415 Tandem
1197 2378 1246 2414 cnm

187 2447 214 2495 in
232 2458 263 2493 ee
273 2451 353 2504 esset,
370 2449 400 2490 et
410 2444 497 2491 eeiare
514 2443 557 2491 rix
570 2457 646 2506 pesse
663 2445 773 2508 amplius
790 2444 933 2506 videretur,
948 2451 1032 2493 sumta
1044 2444 1193 2508 occasione,
1209 2457 1247 2508 per

187 2522 348 2575 sacrificandi
356 2522 479 2586 speciem,
487 2521 519 2570 ad
526 2528 634 2570 matrem
646 2537 682 2578 se,
693 2538 769 2573 enum
777 2523 890 2574 emnium
902 2538 987 2593 rernm
997 2524 1138 2593 numiam,
1145 2523 1251 2574 confert.

189 2607 256 2656 Post
265 2603 320 2654 dies
336 2601 524 2666 complusculos
540 2600 620 2648 mittit
632 2599 761 2661 Sostrata,
777 2605 822 2664 qui
834 2617 891 2651 eam
902 2610 1077 2654 arcesserent.
1104 2604 1245 2670 Responde·

188 2695 241 2748 ter,
261 2691 385 2746 aegrotam
404 2695 468 2731 esse.
500 2680 536 2736 It,
552 2685 582 2730 nt
592 2693 648 2728 eam
659 2680 750 2728 saitem
763 2679 876 2730 viserete
892 2694 943 2729 nen
963 2680 1123 2733 admittitur.
1157 2683 1246 2734 Laches

188 2779 310 2815 accesere
321 2776 437 2823 uxerem,
449 2766 476 2810 et
485 2760 583 2815 dicere,
599 2759 655 2808 hac
666 2759 751 2809 omnia
762 2759 830 2808 iilius
841 2760 920 2823 ceipa
930 2760 1094 2824 contingere.
1128 2763 1181 2813 iiie
1195 2775 1248 2812 coe·

186 2851 229 2896 tra
249 2856 373 2893 excessere
388 2856 425 2901 se,
441 2847 470 2890 et
485 2840 586 2903 cuipam
606 2838 759 2902 deprecari:
776 2838 869 2897 *ies
886 2853 914 2890 se
927 2840 965 2889 rei
975 2840 1106 2891 cenetam
1125 2858 1193 2906 esse,
1208 2854 1245 2893 cer

188 2940 234 2976 sne
245 2922 405 2974 consuetedo
416 2922 492 2970 neerei
509 2920 596 2969 odiosa
608 2933 665 2968 esse
683 2919 788 2971 debeat.
820 2918 926 2970 Interea
944 2919 1023 2970 rediit
1033 2921 1200 2987 Pamphilus,
1214 2928 1245 2972 at·

188 3021 238 3071 qne
250 3005 285 3054 ita
296 3018 351 3053 sors
372 3003 442 3063 teiit,
459 3009 548 3064 utque
565 3000 607 3048 die
625 2999 683 3062 ipse
695 2998 812 3048 Athenas
831 2999 943 3063 appetit,
960 3013 992 3051 ee
1012 3000 1082 3064 ipse,
1102 3002 1245 3052 Philumene

188 3092 266 3150 parte
278 3087 417 3133 leuaretur.
451 3080 515 3128 Cere
527 3079 615 3143 igiter,
633 3077 737 3128 ridendi
755 3078 874 3141 cupidus,
889 3077 1029 3146 (aegrotare
1052 3082 1123 3130 enirn
1147 3095 1244 3146 accepe·

188 3171 241 3225 rat,
256 3171 284 3212 et
296 3165 333 3211 ita
343 3161 453 3214 amabat,
464 3169 493 3208 ut
506 3159 548 3222 qui
561 3157 806 3223 vehementissime,)
818 3157 903 3207 subito
920 3157 953 3207 ad
964 3172 1022 3208 cam
1034 3159 1167 3223 ingressus
1177 3169 1244 3222 esset,

188 3245 321 3308 peperisse
342 3238 521 3303 deprehendit.
555 3238 596 3287 Ibi
616 3252 675 3287 enm
695 3238 830 3296 Myrrhina
847 3244 985 3288 exeuntem
1004 3247 1157 3303 prosecute,
1173 3242 1244 3304 iacry-

188 3339 269 3386 manr,
279 3322 403 3371 obtestari
415 3320 505 3383 coepit,
514 3318 616 3383 quaudo
627 3333 659 3368 ea
670 3333 711 3368 ree
722 3319 783 3369 nihii
795 3319 845 3384 ipsi
856 3319 973 3369 nocitura
982 3325 1063 3382 esset,
1075 3334 1108 3370 ne
1126 3323 1244 3386 reciperet

188 3403 292 3471 quidem
309 3415 423 3461 uxerem,
437 3400 459 3447 si
477 3400 514 3447 ita
526 3399 675 3462 videreter3
694 3399 740 3451 sed
759 3410 844 3449 tamen
862 3414 894 3451 tre
911 3399 1006 3449 famam
1029 3401 1100 3450 iilius
1119 3396 1243 3466 proderet.

188 3488 232 3537 lta
242 3482 408 3534 refecturum
423 3479 525 3543 recipit.
558 3479 621 3529 Cum
630 3480 711 3544 igiter
727 3496 809 3545 neque
823 3480 1013 3531 relietuaercnr
1025 3483 1157 3546 recipere,
1168 3496 1243 3549 neque

189 3580 290 3618 rursum
302 3577 388 3612 veram
400 3558 503 3610 afferret
518 3574 638 3621 caesam
656 3561 780 3625 suspicati
799 3568 858 3611 seut
876 3576 960 3623 senes,
978 3576 1037 3612 enm
1050 3563 1192 3614 Bacchidis
1208 3562 1245 3613 ad·

188 3648 239 3698 buc
251 3659 337 3696 amore
354 3641 516 3706 impeditum,
533 3656 564 3690 ea
581 3642 613 3691 de
626 3655 702 3691 causa
719 3643 751 3691 ab
763 3656 843 3692 uxore
855 3642 1001 3692 abhorrere.
1034 3641 1194 3694 Arcessitam
1204 3644 1244 3691 ita·

191 3743 240 3793 que
253 3724 409 3777 Bacchidem
428 3722 549 3786 objurgat
563 3722 717 3785 Phidippus.
752 3725 798 3781 Ea,
809 3737 866 3774 cnm
886 3738 913 3773 se
924 3723 968 3772 iile
979 3730 1126 3788 purgasset,
1144 3724 1243 3788 jubetur

191 3809 223 3858 ad
233 3807 354 3857 mulieres
366 3802 476 3867 ingredi,
487 3809 514 3851 et
525 3805 561 3851 eis
573 3816 673 3868 queque
684 3804 754 3853 iliam
767 3804 936 3867 crispiciouem
948 3802 1072 3854 adimere.
1095 3803 1242 3868 Ingreditur,

191 3889 311 3938 annulum
330 3885 427 3935 habens
444 3885 469 3933 ie
488 3882 579 3947 digito,
599 3898 673 3947 quem
693 3885 753 3934 olim
765 3886 923 3934 Philumene
937 3892 1066 3948 ereptum,
1083 3883 1134 3933 sibi
1145 3883 1242 3933 dederat

191 3968 348 4031 Pamphilus.
382 3965 409 4014 Is
426 3965 532 4014 anuuins
543 3961 642 4025 effecit,
660 3969 690 4012 ut
702 3965 815 4013 vitiatam
833 3978 890 4013 esse
901 3963 934 4013 ab
950 3964 1006 4027 ipse
1018 3963 1157 4028 Pamphile
1168 3962 1243 4013 Pede

193 4062 292 4099 menam
304 4053 508 4114 cognosceretur.
540 4045 626 4095 iretur
638 4045 787 4110 Pamphiius
798 4051 825 4095 et
836 4059 942 4095 uxerem
954 4051 981 4096 et
992 4043 1073 4096 filium
1084 4045 1187 4108 recipit.
