<?xml version="1.0" encoding="UTF-8"?>
<!DOCTYPE html PUBLIC "-//W3C//DTD XHTML 1.0 Transitional//EN"
    "http://www.w3.org/TR/xhtml1/DTD/xhtml1-transitional.dtd">
<html xmlns="http://www.w3.org/1999/xhtml" xml:lang="en" lang="en">
 <head>
  <title>
</title>
<meta http-equiv="Content-Type" content="text/html;charset=utf-8" />
  <meta name='ocr-system' content='tesseract 3.04.00' />
  <meta name='ocr-capabilities' content='ocr_page ocr_carea ocr_par ocr_line ocrx_word'/>
</head>
<body>
  <div class='ocr_page' id='page_1' title='image "./comoedisex01westgoog_0244.png"; bbox 0 0 2678 4694; ppageno 0'>
   <div class='ocr_carea' id='block_1_1' title="bbox 346 321 1171 386">
    <p class='ocr_par' dir='ltr' id='par_1_1' title="bbox 346 321 1171 386">
     <span class='ocr_line' id='line_1_1' title="bbox 346 321 1171 386; baseline 0.016 -12"><span class='ocrx_word' id='word_1_1' title='bbox 346 326 607 379; x_wconf 81' lang='lat' dir='ltr'>snunrrrouusr</span> <span class='ocrx_word' id='word_1_2' title='bbox 630 327 715 378; x_wconf 85' lang='lat' dir='ltr'>sor.</span> <span class='ocrx_word' id='word_1_3' title='bbox 729 329 783 377; x_wconf 81' lang='lat' dir='ltr'>rv.</span> <span class='ocrx_word' id='word_1_4' title='bbox 808 330 860 380; x_wconf 84' lang='lat' dir='ltr'>sc.</span> <span class='ocrx_word' id='word_1_5' title='bbox 876 333 902 380; x_wconf 90' lang='lat'>1.</span> <span class='ocrx_word' id='word_1_6' title='bbox 1100 321 1171 386; x_wconf 75' lang='lat'><strong>735·</strong></span> 
     </span>
    </p>
   </div>
   <div class='ocr_carea' id='block_1_2' title="bbox 65 446 1228 764">
    <p class='ocr_par' dir='ltr' id='par_1_2' title="bbox 65 446 1228 764">
     <span class='ocr_line' id='line_1_2' title="bbox 65 446 1228 562; baseline 0.009 -27"><span class='ocrx_word' id='word_1_7' title='bbox 65 470 163 550; x_wconf 86' lang='lat' dir='ltr'>Quid</span> <span class='ocrx_word' id='word_1_8' title='bbox 179 469 317 535; x_wconf 80' lang='lat' dir='ltr'>diremi</span> <span class='ocrx_word' id='word_1_9' title='bbox 361 470 427 539; x_wconf 77' lang='lat' dir='ltr'>Sir.</span> <span class='ocrx_word' id='word_1_10' title='bbox 449 470 587 536; x_wconf 80' lang='lat' dir='ltr'>Nihilne</span> <span class='ocrx_word' id='word_1_11' title='bbox 610 473 645 537; x_wconf 94' lang='lat' dir='ltr'>iu</span> <span class='ocrx_word' id='word_1_12' title='bbox 668 478 834 539; x_wconf 83' lang='lat' dir='ltr'>menteml</span> <span class='ocrx_word' id='word_1_13' title='bbox 892 475 956 543; x_wconf 80' lang='lat' dir='ltr'>Cr.</span> <span class='ocrx_word' id='word_1_14' title='bbox 979 476 1165 562; x_wconf 81' lang='lat' dir='ltr'><strong>Nunquam</strong></span> <span class='ocrx_word' id='word_1_15' title='bbox 1224 446 1228 461; x_wconf 27' lang='grc' dir='ltr'>ἱ</span> 
     </span>
     <span class='ocr_line' id='line_1_3' title="bbox 200 573 793 657; baseline 0.008 -22"><span class='ocrx_word' id='word_1_16' title='bbox 200 574 390 657; x_wconf 82' lang='lat' dir='ltr'>quicquam.</span> <span class='ocrx_word' id='word_1_17' title='bbox 435 573 499 638; x_wconf 78' lang='lat' dir='ltr'>SY·</span> <span class='ocrx_word' id='word_1_18' title='bbox 521 573 630 639; x_wconf 83' lang='lat' dir='ltr'>Tanto</span> <span class='ocrx_word' id='word_1_19' title='bbox 645 576 793 657; x_wconf 82' lang='lat' dir='ltr'>nequior.</span> 
     </span>
     <span class='ocr_line' id='line_1_4' title="bbox 67 675 1165 764; baseline 0.001 -22"><span class='ocrx_word' id='word_1_20' title='bbox 67 677 196 755; x_wconf 77' lang='lat' dir='ltr'>ClicuS,</span> <span class='ocrx_word' id='word_1_21' title='bbox 214 675 356 751; x_wconf 84' lang='lat' dir='ltr'>amicus,</span> <span class='ocrx_word' id='word_1_22' title='bbox 372 675 507 757; x_wconf 86' lang='lat' dir='ltr'>hospes,</span> <span class='ocrx_word' id='word_1_23' title='bbox 528 694 627 739; x_wconf 88' lang='lat' dir='ltr'>uerno</span> <span class='ocrx_word' id='word_1_24' title='bbox 642 675 686 738; x_wconf 89' lang='lat' dir='ltr'>&#39;st</span> <span class='ocrx_word' id='word_1_25' title='bbox 701 676 823 742; x_wconf 85' lang='lat' dir='ltr'>vobisl</span> <span class='ocrx_word' id='word_1_26' title='bbox 867 677 932 742; x_wconf 78' lang='lat' dir='ltr'>Cr.</span> <span class='ocrx_word' id='word_1_27' title='bbox 954 680 1059 745; x_wconf 86' lang='lat' dir='ltr'>Suui:</span> <span class='ocrx_word' id='word_1_28' title='bbox 1084 677 1165 764; x_wconf 90' lang='lat' dir='ltr'>quid</span> 
     </span>
    </p>
   </div>
   <div class='ocr_carea' id='block_1_3' title="bbox 68 777 1167 1448">
    <p class='ocr_par' dir='ltr' id='par_1_3' title="bbox 68 777 1166 1062">
     <span class='ocr_line' id='line_1_5' title="bbox 68 777 1166 964; baseline 0.004 -22"><span class='ocrx_word' id='word_1_29' title='bbox 68 879 135 943; x_wconf 75' lang='lat' dir='ltr'>Sr.</span> <span class='ocrx_word' id='word_1_30' title='bbox 159 777 386 959; x_wconf 60' lang='lat' dir='ltr'>Hibbrsstbbbe</span> <span class='ocrx_word' id='word_1_31' title='bbox 400 884 437 941; x_wconf 89' lang='lat' dir='ltr'>ut</span> <span class='ocrx_word' id='word_1_32' title='bbox 453 877 533 941; x_wconf 84' lang='lat' dir='ltr'>dete</span> <span class='ocrx_word' id='word_1_33' title='bbox 549 877 602 941; x_wconf 88' lang='lat' dir='ltr'>sit.</span> <span class='ocrx_word' id='word_1_34' title='bbox 646 876 710 942; x_wconf 80' lang='lat' dir='ltr'>Cr.</span> <span class='ocrx_word' id='word_1_35' title='bbox 725 837 814 956; x_wconf 82' lang='lat' dir='ltr'>Quee</span> <span class='ocrx_word' id='word_1_36' title='bbox 829 901 894 946; x_wconf 93' lang='lat' dir='ltr'>nou</span> <span class='ocrx_word' id='word_1_37' title='bbox 908 881 992 964; x_wconf 79' lang='lat' dir='ltr'>dete</span> <span class='ocrx_word' id='word_1_38' title='bbox 1004 882 1075 948; x_wconf 81' lang='lat' dir='ltr'>siti</span> <span class='ocrx_word' id='word_1_39' title='bbox 1098 858 1166 947; x_wconf 89' lang='lat' dir='ltr'>nou</span> 
     </span>
     <span class='ocr_line' id='line_1_6' title="bbox 201 977 676 1062; baseline 0 -20"><span class='ocrx_word' id='word_1_40' title='bbox 201 983 314 1062; x_wconf 84' lang='lat' dir='ltr'>potest</span> <span class='ocrx_word' id='word_1_41' title='bbox 328 977 413 1043; x_wconf 86' lang='lat' dir='ltr'>fieri.</span> <span class='ocrx_word' id='word_1_42' title='bbox 456 979 520 1044; x_wconf 80' lang='lat' dir='ltr'>Sr.</span> <span class='ocrx_word' id='word_1_43' title='bbox 544 979 676 1045; x_wconf 88' lang='lat' dir='ltr'>Potest.</span> 
     </span>
    </p>

    <p class='ocr_par' dir='ltr' id='par_1_4' title="bbox 69 1079 1165 1168">
     <span class='ocr_line' id='line_1_7' title="bbox 69 1079 1165 1168; baseline 0.005 -23"><span class='ocrx_word' id='word_1_44' title='bbox 69 1080 134 1147; x_wconf 80' lang='lat' dir='ltr'>Cr.</span> <span class='ocrx_word' id='word_1_45' title='bbox 157 1079 323 1145; x_wconf 83' lang='lat' dir='ltr'>Interdiu:</span> <span class='ocrx_word' id='word_1_46' title='bbox 356 1080 427 1160; x_wconf 89' lang='lat' dir='ltr'>sed,</span> <span class='ocrx_word' id='word_1_47' title='bbox 456 1083 486 1146; x_wconf 86' lang='lat' dir='ltr'>si</span> <span class='ocrx_word' id='word_1_48' title='bbox 513 1081 568 1146; x_wconf 90' lang='lat' dir='ltr'>hic</span> <span class='ocrx_word' id='word_1_49' title='bbox 598 1091 773 1164; x_wconf 86' lang='lat' dir='ltr'>pernocto,</span> <span class='ocrx_word' id='word_1_50' title='bbox 796 1104 909 1151; x_wconf 85' lang='lat' dir='ltr'>causae</span> <span class='ocrx_word' id='word_1_51' title='bbox 938 1084 1018 1168; x_wconf 90' lang='lat' dir='ltr'>quid</span> <span class='ocrx_word' id='word_1_52' title='bbox 1041 1085 1165 1164; x_wconf 83' lang='lat' dir='ltr'>dicem,</span> 
     </span>
    </p>

    <p class='ocr_par' dir='ltr' id='par_1_5' title="bbox 68 1182 1167 1448">
     <span class='ocr_line' id='line_1_8' title="bbox 68 1182 1167 1370; baseline 0.005 -22"><span class='ocrx_word' id='word_1_53' title='bbox 68 1283 133 1348; x_wconf 78' lang='lat' dir='ltr'>Sir.</span> <span class='ocrx_word' id='word_1_54' title='bbox 156 1182 381 1365; x_wconf 35' lang='lat' dir='ltr'>&amp;bimam</span> <span class='ocrx_word' id='word_1_55' title='bbox 403 1281 520 1346; x_wconf 88' lang='lat' dir='ltr'>vellem</span> <span class='ocrx_word' id='word_1_56' title='bbox 541 1283 643 1348; x_wconf 82' lang='lat' dir='ltr'>etiem</span> <span class='ocrx_word' id='word_1_57' title='bbox 667 1293 772 1350; x_wconf 90' lang='lat' dir='ltr'>noctu</span> <span class='ocrx_word' id='word_1_58' title='bbox 796 1287 916 1352; x_wconf 84' lang='lat' dir='ltr'>amicis</span> <span class='ocrx_word' id='word_1_59' title='bbox 939 1305 1075 1370; x_wconf 81' lang='lat' dir='ltr'>operam</span> <span class='ocrx_word' id='word_1_60' title='bbox 1090 1189 1167 1353; x_wconf 52' lang='lat' dir='ltr'>ubi</span> 
     </span>
     <span class='ocr_line' id='line_1_9' title="bbox 199 1385 387 1448; baseline -0.011 0"><span class='ocrx_word' id='word_1_61' title='bbox 199 1392 293 1448; x_wconf 83' lang='lat' dir='ltr'>esset</span> <span class='ocrx_word' id='word_1_62' title='bbox 308 1385 387 1448; x_wconf 84' lang='lat' dir='ltr'>deri.</span> 
     </span>
    </p>
   </div>
   <div class='ocr_carea' id='block_1_4' title="bbox 41 1472 1169 1769">
    <p class='ocr_par' dir='ltr' id='par_1_6' title="bbox 41 1472 1169 1769">
     <span class='ocr_line' id='line_1_10' title="bbox 41 1472 1051 1570; baseline -0.002 -17"><span class='ocrx_word' id='word_1_63' title='bbox 41 1548 43 1553; x_wconf 88' lang='lat'>.</span> <span class='ocrx_word' id='word_1_64' title='bbox 70 1472 165 1565; x_wconf 78' lang='lat' dir='ltr'>Quin</span> <span class='ocrx_word' id='word_1_65' title='bbox 181 1492 217 1551; x_wconf 83' lang='lat' dir='ltr'>iu</span> <span class='ocrx_word' id='word_1_66' title='bbox 233 1486 362 1551; x_wconf 88' lang='lat' dir='ltr'>otiosus</span> <span class='ocrx_word' id='word_1_67' title='bbox 378 1506 433 1550; x_wconf 86' lang='lat' dir='ltr'>cs:</span> <span class='ocrx_word' id='word_1_68' title='bbox 455 1506 516 1569; x_wconf 86' lang='lat' dir='ltr'>ego</span> <span class='ocrx_word' id='word_1_69' title='bbox 530 1487 620 1551; x_wconf 88' lang='lat' dir='ltr'>illius</span> <span class='ocrx_word' id='word_1_70' title='bbox 636 1507 768 1551; x_wconf 88' lang='lat' dir='ltr'>sensum</span> <span class='ocrx_word' id='word_1_71' title='bbox 783 1489 917 1570; x_wconf 84' lang='lat' dir='ltr'>pulchre</span> <span class='ocrx_word' id='word_1_72' title='bbox 932 1489 1051 1554; x_wconf 77' lang='lat' dir='ltr'>calleo.</span> 
     </span>
     <span class='ocr_line' id='line_1_11' title="bbox 71 1582 1169 1769; baseline 0.003 -115"><span class='ocrx_word' id='word_1_73' title='bbox 71 1587 155 1654; x_wconf 77' lang='lat' dir='ltr'>Cum</span> <span class='ocrx_word' id='word_1_74' title='bbox 169 1588 449 1769; x_wconf 46' lang='lat' dir='ltr'>fcgrgomnpggprp,</span> <span class='ocrx_word' id='word_1_75' title='bbox 465 1595 533 1653; x_wconf 83' lang='lat' dir='ltr'>tem</span> <span class='ocrx_word' id='word_1_76' title='bbox 546 1590 725 1673; x_wconf 80' lang='lat' dir='ltr'>placidum,</span> <span class='ocrx_word' id='word_1_77' title='bbox 737 1611 835 1674; x_wconf 86' lang='lat' dir='ltr'>quam</span> <span class='ocrx_word' id='word_1_78' title='bbox 850 1611 947 1656; x_wconf 86' lang='lat' dir='ltr'>ovem</span> <span class='ocrx_word' id='word_1_79' title='bbox 962 1590 1073 1656; x_wconf 90' lang='lat' dir='ltr'>reddo.</span> <span class='ocrx_word' id='word_1_80' title='bbox 1098 1582 1169 1658; x_wconf 67' lang='lat' dir='ltr'>Cr.</span> 
     </span>
    </p>
   </div>
   <div class='ocr_carea' id='block_1_5' title="bbox 63 1890 1228 2410">
    <p class='ocr_par' dir='ltr' id='par_1_7' title="bbox 63 1890 1228 2410">
     <span class='ocr_line' id='line_1_12' title="bbox 69 1890 1165 1958; baseline 0.002 -16"><span class='ocrx_word' id='word_1_81' title='bbox 69 1890 139 1944; x_wconf 75' lang='lat' dir='ltr'>rum?</span> <span class='ocrx_word' id='word_1_82' title='bbox 172 1893 222 1945; x_wconf 66' lang='lat' dir='ltr'>Si.</span> <span class='ocrx_word' id='word_1_83' title='bbox 241 1893 339 1942; x_wconf 83' lang='lat' dir='ltr'>Nibilrre</span> <span class='ocrx_word' id='word_1_84' title='bbox 356 1891 382 1942; x_wconf 85' lang='lat' dir='ltr'>iu</span> <span class='ocrx_word' id='word_1_85' title='bbox 399 1901 499 1943; x_wconf 75' lang='lat' dir='ltr'>menium</span> <span class='ocrx_word' id='word_1_86' title='bbox 513 1894 558 1942; x_wconf 78' lang='lat' dir='ltr'>libi</span> <span class='ocrx_word' id='word_1_87' title='bbox 569 1895 641 1956; x_wconf 81' lang='lat' dir='ltr'>cerii,</span> <span class='ocrx_word' id='word_1_88' title='bbox 656 1912 700 1958; x_wconf 82' lang='lat' dir='ltr'>qno</span> <span class='ocrx_word' id='word_1_89' title='bbox 711 1900 734 1945; x_wconf 84' lang='lat' dir='ltr'>le</span> <span class='ocrx_word' id='word_1_90' title='bbox 745 1903 855 1946; x_wconf 75' lang='lat' dir='ltr'>excuses?</span> <span class='ocrx_word' id='word_1_91' title='bbox 888 1897 934 1946; x_wconf 80' lang='lat' dir='ltr'>Cn.</span> <span class='ocrx_word' id='word_1_92' title='bbox 952 1895 1023 1945; x_wconf 74' lang='lat' dir='ltr'>Nihil</span> <span class='ocrx_word' id='word_1_93' title='bbox 1033 1895 1165 1958; x_wconf 81' lang='lat' dir='ltr'>quicquum.</span> 
     </span>
     <span class='ocr_line' id='line_1_13' title="bbox 70 1957 1165 2022; baseline 0.001 -16"><span class='ocrx_word' id='word_1_94' title='bbox 70 1958 114 2008; x_wconf 79' lang='lat' dir='ltr'>Sr.</span> <span class='ocrx_word' id='word_1_95' title='bbox 134 1958 212 2006; x_wconf 74' lang='lat' dir='ltr'>Turio</span> <span class='ocrx_word' id='word_1_96' title='bbox 220 1957 296 2019; x_wconf 70' lang='lat' dir='ltr'>pejori</span> <span class='ocrx_word' id='word_1_97' title='bbox 307 1961 355 2007; x_wconf 88' lang='lat' dir='ltr'>loco</span> <span class='ocrx_word' id='word_1_98' title='bbox 368 1973 399 2007; x_wconf 88' lang='lat' dir='ltr'>es.</span> <span class='ocrx_word' id='word_1_99' title='bbox 434 1960 559 2016; x_wconf 76' lang='lat' dir='ltr'>clientem,</span> <span class='ocrx_word' id='word_1_100' title='bbox 569 1962 678 2018; x_wconf 78' lang='lat' dir='ltr'>emicem,</span> <span class='ocrx_word' id='word_1_101' title='bbox 688 1961 800 2022; x_wconf 75' lang='lat' dir='ltr'>bospiiem</span> <span class='ocrx_word' id='word_1_102' title='bbox 809 1960 923 2009; x_wconf 83' lang='lat' dir='ltr'>seminem</span> <span class='ocrx_word' id='word_1_103' title='bbox 933 1976 973 2009; x_wconf 85' lang='lat' dir='ltr'>uos</span> <span class='ocrx_word' id='word_1_104' title='bbox 983 1960 1093 2011; x_wconf 79' lang='lat' dir='ltr'>bebetis?</span> <span class='ocrx_word' id='word_1_105' title='bbox 1118 1961 1165 2008; x_wconf 67' lang='lat' dir='ltr'>Ur.</span> 
     </span>
     <span class='ocr_line' id='line_1_14' title="bbox 69 2021 1165 2089; baseline -0.001 -17"><span class='ocrx_word' id='word_1_106' title='bbox 69 2022 192 2072; x_wconf 80' lang='lat' dir='ltr'>Habemus</span> <span class='ocrx_word' id='word_1_107' title='bbox 203 2023 294 2084; x_wconf 81' lang='lat' dir='ltr'>quidem</span> <span class='ocrx_word' id='word_1_108' title='bbox 300 2039 310 2080; x_wconf 88' lang='lat'>,·</span> <span class='ocrx_word' id='word_1_109' title='bbox 325 2025 366 2071; x_wconf 84' lang='lat' dir='ltr'>sed</span> <span class='ocrx_word' id='word_1_110' title='bbox 376 2023 431 2085; x_wconf 82' lang='lat' dir='ltr'>qnid</span> <span class='ocrx_word' id='word_1_111' title='bbox 441 2021 603 2083; x_wconf 69' lang='lat' dir='ltr'>liocjuuebit?</span> <span class='ocrx_word' id='word_1_112' title='bbox 634 2025 682 2072; x_wconf 67' lang='grc' dir='ltr'>ὃν.</span> <span class='ocrx_word' id='word_1_113' title='bbox 701 2026 772 2073; x_wconf 83' lang='lat' dir='ltr'>Dices</span> <span class='ocrx_word' id='word_1_114' title='bbox 784 2026 833 2073; x_wconf 84' lang='lat' dir='ltr'>illis</span> <span class='ocrx_word' id='word_1_115' title='bbox 843 2026 943 2089; x_wconf 74' lang='lat' dir='ltr'>officium</span> <span class='ocrx_word' id='word_1_116' title='bbox 954 2031 978 2073; x_wconf 83' lang='lat' dir='ltr'>ie</span> <span class='ocrx_word' id='word_1_117' title='bbox 987 2025 1128 2088; x_wconf 67' lang='lat' dir='ltr'>prestitisse</span> <span class='ocrx_word' id='word_1_118' title='bbox 1139 2024 1165 2071; x_wconf 81' lang='lat' dir='ltr'>is</span> 
     </span>
     <span class='ocr_line' id='line_1_15' title="bbox 68 2087 1166 2151; baseline -0.001 -14"><span class='ocrx_word' id='word_1_119' title='bbox 68 2101 146 2137; x_wconf 77' lang='lat' dir='ltr'>emus</span> <span class='ocrx_word' id='word_1_120' title='bbox 156 2087 236 2137; x_wconf 77' lang='lat' dir='ltr'>rebus.</span> <span class='ocrx_word' id='word_1_121' title='bbox 269 2087 316 2137; x_wconf 76' lang='lat' dir='ltr'>Cr.</span> <span class='ocrx_word' id='word_1_122' title='bbox 336 2088 404 2143; x_wconf 80' lang='lat' dir='ltr'>Quod</span> <span class='ocrx_word' id='word_1_123' title='bbox 412 2093 550 2149; x_wconf 68' lang='lat' dir='ltr'>merlotum</span> <span class='ocrx_word' id='word_1_124' title='bbox 560 2089 756 2146; x_wconf 77' lang='lat' dir='ltr'>mirrimesseritl</span> <span class='ocrx_word' id='word_1_125' title='bbox 774 2091 829 2138; x_wconf 81' lang='lat' dir='ltr'>Nos</span> <span class='ocrx_word' id='word_1_126' title='bbox 841 2094 915 2151; x_wconf 75' lang='lat' dir='ltr'>poree</span> <span class='ocrx_word' id='word_1_127' title='bbox 920 2089 988 2148; x_wconf 77' lang='lat' dir='ltr'>fieri,</span> <span class='ocrx_word' id='word_1_128' title='bbox 1003 2094 1030 2138; x_wconf 82' lang='lat' dir='ltr'>ni</span> <span class='ocrx_word' id='word_1_129' title='bbox 1039 2091 1065 2137; x_wconf 83' lang='lat' dir='ltr'>id</span> <span class='ocrx_word' id='word_1_130' title='bbox 1070 2088 1166 2148; x_wconf 73' lang='lat' dir='ltr'>fuctum</span> 
     </span>
     <span class='ocr_line' id='line_1_16' title="bbox 70 2151 1165 2216; baseline -0.004 -14"><span class='ocrx_word' id='word_1_131' title='bbox 70 2165 113 2202; x_wconf 70' lang='lat' dir='ltr'>use</span> <span class='ocrx_word' id='word_1_132' title='bbox 122 2155 197 2215; x_wconf 69' lang='lat' dir='ltr'>priter·</span> <span class='ocrx_word' id='word_1_133' title='bbox 207 2152 296 2202; x_wconf 64' lang='lat' dir='ltr'>crede</span> <span class='ocrx_word' id='word_1_134' title='bbox 329 2152 376 2202; x_wconf 74' lang='lat' dir='ltr'>Sn.</span> <span class='ocrx_word' id='word_1_135' title='bbox 393 2152 547 2216; x_wconf 78' lang='lat' dir='ltr'>Polestfiori.</span> <span class='ocrx_word' id='word_1_136' title='bbox 581 2151 627 2202; x_wconf 82' lang='lat' dir='ltr'>Cr.</span> <span class='ocrx_word' id='word_1_137' title='bbox 647 2153 729 2202; x_wconf 80' lang='lat' dir='ltr'>Poiee</span> <span class='ocrx_word' id='word_1_138' title='bbox 741 2154 832 2215; x_wconf 79' lang='lat' dir='ltr'>quidem</span> <span class='ocrx_word' id='word_1_139' title='bbox 846 2169 889 2216; x_wconf 86' lang='lat' dir='ltr'>per</span> <span class='ocrx_word' id='word_1_140' title='bbox 904 2153 966 2201; x_wconf 84' lang='lat' dir='ltr'>diem</span> <span class='ocrx_word' id='word_1_141' title='bbox 973 2168 983 2211; x_wconf 91' lang='lat'>,·</span> <span class='ocrx_word' id='word_1_142' title='bbox 999 2154 1039 2202; x_wconf 82' lang='lat' dir='ltr'>sed</span> <span class='ocrx_word' id='word_1_143' title='bbox 1048 2153 1071 2201; x_wconf 85' lang='lat' dir='ltr'>si</span> <span class='ocrx_word' id='word_1_144' title='bbox 1081 2153 1119 2200; x_wconf 79' lang='lat' dir='ltr'>liic</span> <span class='ocrx_word' id='word_1_145' title='bbox 1128 2156 1165 2198; x_wconf 79' lang='lat' dir='ltr'>ie·</span> 
     </span>
     <span class='ocr_line' id='line_1_17' title="bbox 68 2215 1167 2280; baseline -0.003 -14"><span class='ocrx_word' id='word_1_146' title='bbox 68 2219 113 2266; x_wconf 72' lang='lat' dir='ltr'>im</span> <span class='ocrx_word' id='word_1_147' title='bbox 128 2221 224 2266; x_wconf 67' lang='lat' dir='ltr'>mem</span> <span class='ocrx_word' id='word_1_148' title='bbox 242 2217 358 2278; x_wconf 77' lang='lat' dir='ltr'>iruerigo,</span> <span class='ocrx_word' id='word_1_149' title='bbox 373 2216 429 2278; x_wconf 86' lang='lat' dir='ltr'>quid</span> <span class='ocrx_word' id='word_1_150' title='bbox 450 2219 587 2278; x_wconf 71' lang='lat' dir='ltr'>respendere</span> <span class='ocrx_word' id='word_1_151' title='bbox 603 2222 692 2279; x_wconf 80' lang='lat' dir='ltr'>pulcro,</span> <span class='ocrx_word' id='word_1_152' title='bbox 711 2217 787 2280; x_wconf 52' lang='lat' dir='ltr'>libre?</span> <span class='ocrx_word' id='word_1_153' title='bbox 826 2218 873 2268; x_wconf 65' lang='grc' dir='ltr'>ὃν.</span> <span class='ocrx_word' id='word_1_154' title='bbox 900 2215 970 2266; x_wconf 85' lang='lat' dir='ltr'>Vob!</span> <span class='ocrx_word' id='word_1_155' title='bbox 985 2218 1076 2266; x_wconf 74' lang='lat' dir='ltr'>utinm</span> <span class='ocrx_word' id='word_1_156' title='bbox 1094 2216 1167 2265; x_wconf 73' lang='lat' dir='ltr'>esium</span> 
     </span>
     <span class='ocr_line' id='line_1_18' title="bbox 63 2281 1166 2346; baseline -0.001 -18"><span class='ocrx_word' id='word_1_157' title='bbox 63 2283 358 2340; x_wconf 68' lang='lat' dir='ltr'>mmctemcossnelsdo</span> <span class='ocrx_word' id='word_1_158' title='bbox 370 2286 430 2328; x_wconf 75' lang='lat' dir='ltr'>esset</span> <span class='ocrx_word' id='word_1_159' title='bbox 440 2281 539 2346; x_wconf 75' lang='lat' dir='ltr'>officim</span> <span class='ocrx_word' id='word_1_160' title='bbox 555 2281 638 2330; x_wconf 63' lang='lat' dir='ltr'>erneis</span> <span class='ocrx_word' id='word_1_161' title='bbox 655 2284 703 2330; x_wconf 81' lang='lat' dir='ltr'>suis</span> <span class='ocrx_word' id='word_1_162' title='bbox 715 2287 838 2344; x_wconf 63' lang='lat' dir='ltr'>pudure.</span> <span class='ocrx_word' id='word_1_163' title='bbox 871 2281 924 2341; x_wconf 78' lang='lat' dir='ltr'>Age</span> <span class='ocrx_word' id='word_1_164' title='bbox 939 2296 1018 2330; x_wconf 82' lang='lat' dir='ltr'>securo</span> <span class='ocrx_word' id='word_1_165' title='bbox 1028 2283 1062 2330; x_wconf 85' lang='lat' dir='ltr'>sis</span> <span class='ocrx_word' id='word_1_166' title='bbox 1072 2281 1166 2329; x_wconf 81' lang='lat' dir='ltr'>orioro:</span> 
     </span>
     <span class='ocr_line' id='line_1_19' title="bbox 65 2344 1228 2410; baseline 0 -15"><span class='ocrx_word' id='word_1_167' title='bbox 65 2359 106 2408; x_wconf 69' lang='lat' dir='ltr'>rgo</span> <span class='ocrx_word' id='word_1_168' title='bbox 117 2344 172 2406; x_wconf 74' lang='lat' dir='ltr'>ejus</span> <span class='ocrx_word' id='word_1_169' title='bbox 184 2345 271 2395; x_wconf 76' lang='lat' dir='ltr'>meniis</span> <span class='ocrx_word' id='word_1_170' title='bbox 282 2350 407 2408; x_wconf 72' lang='lat' dir='ltr'>conceptus</span> <span class='ocrx_word' id='word_1_171' title='bbox 417 2346 500 2394; x_wconf 83' lang='lat' dir='ltr'>callide</span> <span class='ocrx_word' id='word_1_172' title='bbox 510 2346 567 2395; x_wconf 84' lang='lat' dir='ltr'>seio.</span> <span class='ocrx_word' id='word_1_173' title='bbox 601 2346 660 2394; x_wconf 80' lang='lat' dir='ltr'>Cum</span> <span class='ocrx_word' id='word_1_174' title='bbox 671 2346 816 2396; x_wconf 75' lang='lat' dir='ltr'>veliementer</span> <span class='ocrx_word' id='word_1_175' title='bbox 826 2347 865 2395; x_wconf 84' lang='lat' dir='ltr'>ire</span> <span class='ocrx_word' id='word_1_176' title='bbox 876 2348 983 2410; x_wconf 73' lang='lat' dir='ltr'>exardet,</span> <span class='ocrx_word' id='word_1_177' title='bbox 999 2352 1050 2396; x_wconf 76' lang='lat' dir='ltr'>turn</span> <span class='ocrx_word' id='word_1_178' title='bbox 1059 2359 1166 2395; x_wconf 62' lang='lat' dir='ltr'>meme</span> <span class='ocrx_word' id='word_1_179' title='bbox 1224 2373 1228 2385; x_wconf 89' lang='lat'><em>·</em></span> 
     </span>
    </p>
   </div>
   <div class='ocr_carea' id='block_1_6' title="bbox 525 2503 705 2525">
    <p class='ocr_par' dir='ltr' id='par_1_8' title="bbox 525 2503 705 2525">
     <span class='ocr_line' id='line_1_20' title="bbox 525 2503 705 2525; baseline 0.011 -3"><span class='ocrx_word' id='word_1_180' title='bbox 525 2503 705 2525; x_wconf 60' lang='lat' dir='ltr'>OHWOOOW</span> 
     </span>
    </p>
   </div>
   <div class='ocr_carea' id='block_1_7' title="bbox 59 2624 1168 4232">
    <p class='ocr_par' dir='ltr' id='par_1_9' title="bbox 59 2624 1168 4232">
     <span class='ocr_line' id='line_1_21' title="bbox 62 2624 1168 2690; baseline -0.002 -12"><span class='ocrx_word' id='word_1_181' title='bbox 62 2625 175 2690; x_wconf 72' lang='lat' dir='ltr'>Rogebii</span> <span class='ocrx_word' id='word_1_182' title='bbox 185 2625 231 2675; x_wconf 86' lang='lat' dir='ltr'>Br.</span> <span class='ocrx_word' id='word_1_183' title='bbox 243 2624 313 2673; x_wconf 88' lang='lat' dir='ltr'>Perl.</span> <span class='ocrx_word' id='word_1_184' title='bbox 346 2625 426 2673; x_wconf 84' lang='lat' dir='ltr'>Hodie</span> <span class='ocrx_word' id='word_1_185' title='bbox 436 2624 507 2672; x_wconf 81' lang='lat' dir='ltr'>delet</span> <span class='ocrx_word' id='word_1_186' title='bbox 517 2625 660 2673; x_wconf 71' lang='lat' dir='ltr'>Boin-12</span> <span class='ocrx_word' id='word_1_187' title='bbox 673 2624 782 2674; x_wconf 86' lang='lat' dir='ltr'>Codices</span> <span class='ocrx_word' id='word_1_188' title='bbox 794 2624 847 2685; x_wconf 86' lang='lat' dir='ltr'>elli,</span> <span class='ocrx_word' id='word_1_189' title='bbox 860 2624 957 2672; x_wconf 72' lang='lat' dir='ltr'>Nihilne</span> <span class='ocrx_word' id='word_1_190' title='bbox 966 2625 993 2673; x_wconf 78' lang='lat' dir='ltr'>in</span> <span class='ocrx_word' id='word_1_191' title='bbox 1004 2630 1103 2672; x_wconf 74' lang='lat' dir='ltr'>merrtem</span> <span class='ocrx_word' id='word_1_192' title='bbox 1113 2624 1168 2677; x_wconf 67' lang='lat' dir='ltr'>eei?</span> 
     </span>
     <span class='ocr_line' id='line_1_22' title="bbox 59 2688 1164 2753; baseline -0.001 -12"><span class='ocrx_word' id='word_1_193' title='bbox 59 2693 128 2753; x_wconf 81' lang='lat' dir='ltr'>Alii,</span> <span class='ocrx_word' id='word_1_194' title='bbox 141 2689 428 2740; x_wconf 78' lang='lat' dir='ltr'>Nilulseinmerlsesi?</span> <span class='ocrx_word' id='word_1_195' title='bbox 453 2689 545 2737; x_wconf 72' lang='lat' dir='ltr'>neno.</span> <span class='ocrx_word' id='word_1_196' title='bbox 563 2689 659 2751; x_wconf 77' lang='lat' dir='ltr'>nequior</span> <span class='ocrx_word' id='word_1_197' title='bbox 674 2704 706 2737; x_wconf 87' lang='lat' dir='ltr'>es.</span> <span class='ocrx_word' id='word_1_198' title='bbox 723 2690 805 2738; x_wconf 86' lang='lat' dir='ltr'>West.</span> <span class='ocrx_word' id='word_1_199' title='bbox 840 2688 939 2736; x_wconf 72' lang='lat' dir='ltr'>Nilolne</span> <span class='ocrx_word' id='word_1_200' title='bbox 953 2689 1111 2738; x_wconf 77' lang='lat' dir='ltr'>inmeuiecsi</span> <span class='ocrx_word' id='word_1_201' title='bbox 1129 2689 1164 2740; x_wconf 81' lang='lat' dir='ltr'>G.</span> 
     </span>
     <span class='ocr_line' id='line_1_23' title="bbox 59 2752 1167 2816; baseline -0.004 -10"><span class='ocrx_word' id='word_1_202' title='bbox 59 2756 116 2806; x_wconf 74' lang='grc' dir='ltr'>ΕΤ.</span> <span class='ocrx_word' id='word_1_203' title='bbox 130 2755 196 2803; x_wconf 84' lang='grc' dir='ltr'>ΕΜ.</span> <span class='ocrx_word' id='word_1_204' title='bbox 213 2755 253 2802; x_wconf 83' lang='lat' dir='ltr'>Id.</span> <span class='ocrx_word' id='word_1_205' title='bbox 264 2755 290 2801; x_wconf 87' lang='lat' dir='ltr'>in</span> <span class='ocrx_word' id='word_1_206' title='bbox 299 2753 362 2802; x_wconf 79' lang='lat' dir='ltr'>Add.</span> <span class='ocrx_word' id='word_1_207' title='bbox 383 2753 482 2801; x_wconf 77' lang='lat' dir='ltr'>Nihilne</span> <span class='ocrx_word' id='word_1_208' title='bbox 492 2753 518 2800; x_wconf 85' lang='lat' dir='ltr'>iu</span> <span class='ocrx_word' id='word_1_209' title='bbox 527 2758 604 2801; x_wconf 74' lang='lat' dir='ltr'>morte</span> <span class='ocrx_word' id='word_1_210' title='bbox 613 2752 662 2814; x_wconf 80' lang='lat' dir='ltr'>est]</span> <span class='ocrx_word' id='word_1_211' title='bbox 677 2753 720 2802; x_wconf 81' lang='lat' dir='ltr'>lte</span> <span class='ocrx_word' id='word_1_212' title='bbox 731 2752 809 2815; x_wconf 79' lang='lat' dir='ltr'>aliqui</span> <span class='ocrx_word' id='word_1_213' title='bbox 821 2752 892 2812; x_wconf 85' lang='lat' dir='ltr'>libri,</span> <span class='ocrx_word' id='word_1_214' title='bbox 903 2752 948 2800; x_wconf 85' lang='lat' dir='ltr'>sed</span> <span class='ocrx_word' id='word_1_215' title='bbox 961 2753 1086 2816; x_wconf 85' lang='lat' dir='ltr'>plerique,</span> <span class='ocrx_word' id='word_1_216' title='bbox 1097 2753 1167 2802; x_wconf 85' lang='lat' dir='ltr'>inter</span> 
     </span>
     <span class='ocr_line' id='line_1_24' title="bbox 60 2814 1167 2885; baseline -0.004 -15"><span class='ocrx_word' id='word_1_217' title='bbox 60 2834 131 2885; x_wconf 89' lang='lat' dir='ltr'>quus</span> <span class='ocrx_word' id='word_1_218' title='bbox 141 2816 293 2874; x_wconf 82' lang='lat' dir='ltr'>Bembinus,</span> <span class='ocrx_word' id='word_1_219' title='bbox 305 2818 404 2866; x_wconf 73' lang='lat' dir='ltr'>Nihilne</span> <span class='ocrx_word' id='word_1_220' title='bbox 413 2817 441 2864; x_wconf 78' lang='lat' dir='ltr'>iu</span> <span class='ocrx_word' id='word_1_221' title='bbox 451 2822 550 2865; x_wconf 76' lang='lat' dir='ltr'>rientem</span> <span class='ocrx_word' id='word_1_222' title='bbox 560 2814 616 2866; x_wconf 70' lang='lat' dir='ltr'>esi?</span> <span class='ocrx_word' id='word_1_223' title='bbox 640 2818 695 2880; x_wconf 80' lang='lat' dir='ltr'>Ego</span> <span class='ocrx_word' id='word_1_224' title='bbox 706 2831 738 2865; x_wconf 86' lang='lat' dir='ltr'>ex</span> <span class='ocrx_word' id='word_1_225' title='bbox 759 2816 826 2864; x_wconf 85' lang='lat' dir='ltr'>infru</span> <span class='ocrx_word' id='word_1_226' title='bbox 843 2817 947 2879; x_wconf 82' lang='lat' dir='ltr'>scriptis</span> <span class='ocrx_word' id='word_1_227' title='bbox 963 2819 1050 2866; x_wconf 86' lang='lat' dir='ltr'>verbis</span> <span class='ocrx_word' id='word_1_228' title='bbox 1067 2819 1167 2866; x_wconf 76' lang='lat' dir='ltr'>Donati</span> 
     </span>
     <span class='ocr_line' id='line_1_25' title="bbox 60 2880 1167 2947; baseline -0.003 -12"><span class='ocrx_word' id='word_1_229' title='bbox 60 2883 182 2947; x_wconf 83' lang='lat' dir='ltr'>conjicio</span> <span class='ocrx_word' id='word_1_230' title='bbox 193 2883 332 2945; x_wconf 74' lang='lat' dir='ltr'>legendum</span> <span class='ocrx_word' id='word_1_231' title='bbox 343 2883 398 2930; x_wconf 85' lang='lat' dir='ltr'>sine</span> <span class='ocrx_word' id='word_1_232' title='bbox 410 2881 489 2929; x_wconf 88' lang='lat' dir='ltr'>verbo</span> <span class='ocrx_word' id='word_1_233' title='bbox 501 2887 552 2929; x_wconf 82' lang='lat' dir='ltr'>est:</span> <span class='ocrx_word' id='word_1_234' title='bbox 565 2882 662 2930; x_wconf 72' lang='lat' dir='ltr'>Nihilne</span> <span class='ocrx_word' id='word_1_235' title='bbox 672 2882 699 2929; x_wconf 84' lang='lat' dir='ltr'>io</span> <span class='ocrx_word' id='word_1_236' title='bbox 708 2880 825 2930; x_wconf 75' lang='lat' dir='ltr'>mentem?</span> <span class='ocrx_word' id='word_1_237' title='bbox 836 2886 866 2928; x_wconf 88' lang='lat' dir='ltr'>ut</span> <span class='ocrx_word' id='word_1_238' title='bbox 874 2881 1043 2930; x_wconf 79' lang='lat' dir='ltr'>subaudiatur</span> <span class='ocrx_word' id='word_1_239' title='bbox 1053 2881 1167 2932; x_wconf 51' lang='lat' dir='ltr'>‘veniri</span> 
     </span>
     <span class='ocr_line' id='line_1_26' title="bbox 60 2944 1166 3009; baseline -0.004 -11"><span class='ocrx_word' id='word_1_240' title='bbox 60 2949 132 3000; x_wconf 89' lang='lat' dir='ltr'>dicit</span> <span class='ocrx_word' id='word_1_241' title='bbox 150 2947 220 2995; x_wconf 84' lang='lat' dir='ltr'>euim</span> <span class='ocrx_word' id='word_1_242' title='bbox 233 2960 352 3008; x_wconf 86' lang='lat' dir='ltr'>supereo</span> <span class='ocrx_word' id='word_1_243' title='bbox 364 2960 453 2994; x_wconf 83' lang='lat' dir='ltr'>versu:</span> <span class='ocrx_word' id='word_1_244' title='bbox 472 2948 479 2973; x_wconf 86' lang='lat'>‘</span> <span class='ocrx_word' id='word_1_245' title='bbox 491 2945 565 2993; x_wconf 86' lang='lat' dir='ltr'>Hisce</span> <span class='ocrx_word' id='word_1_246' title='bbox 577 2961 647 3009; x_wconf 87' lang='lat' dir='ltr'>opero</span> <span class='ocrx_word' id='word_1_247' title='bbox 657 2950 684 2994; x_wconf 75' lang='lat' dir='ltr'>si</span> <span class='ocrx_word' id='word_1_248' title='bbox 693 2948 750 2995; x_wconf 80' lang='lat' dir='ltr'>duic</span> <span class='ocrx_word' id='word_1_249' title='bbox 760 2945 806 3008; x_wconf 82' lang='lat' dir='ltr'>sit]</span> <span class='ocrx_word' id='word_1_250' title='bbox 824 2944 845 2992; x_wconf 86' lang='grc' dir='ltr'>Α</span> <span class='ocrx_word' id='word_1_251' title='bbox 859 2945 992 3008; x_wconf 85' lang='lat' dir='ltr'>superiore</span> <span class='ocrx_word' id='word_1_252' title='bbox 1004 2944 1166 3007; x_wconf 80' lang='lat' dir='ltr'>subauditur,</span> 
     </span>
     <span class='ocr_line' id='line_1_27' title="bbox 59 3009 1167 3073; baseline -0.004 -11"><span class='ocrx_word' id='word_1_253' title='bbox 59 3015 157 3062; x_wconf 81' lang='lat' dir='ltr'>veniet</span> <span class='ocrx_word' id='word_1_254' title='bbox 177 3011 204 3060; x_wconf 91' lang='lat' dir='ltr'>iu</span> <span class='ocrx_word' id='word_1_255' title='bbox 224 3014 353 3060; x_wconf 63' lang='lat' dir='ltr'>mentem?</span> <span class='ocrx_word' id='word_1_256' title='bbox 386 3010 452 3058; x_wconf 78' lang='lat' dir='ltr'>Haec</span> <span class='ocrx_word' id='word_1_257' title='bbox 470 3009 595 3059; x_wconf 78' lang='lat' dir='ltr'>Donatus.</span> <span class='ocrx_word' id='word_1_258' title='bbox 629 3012 688 3060; x_wconf 89' lang='lat' dir='ltr'>Nou</span> <span class='ocrx_word' id='word_1_259' title='bbox 707 3018 794 3073; x_wconf 85' lang='lat' dir='ltr'>posset</span> <span class='ocrx_word' id='word_1_260' title='bbox 815 3016 900 3058; x_wconf 85' lang='lat' dir='ltr'>autem</span> <span class='ocrx_word' id='word_1_261' title='bbox 918 3009 1060 3070; x_wconf 76' lang='lat' dir='ltr'>subaudiri,</span> <span class='ocrx_word' id='word_1_262' title='bbox 1072 3011 1167 3071; x_wconf 78' lang='lat' dir='ltr'>reniet,</span> 
     </span>
     <span class='ocr_line' id='line_1_28' title="bbox 61 3074 1168 3138; baseline -0.004 -10"><span class='ocrx_word' id='word_1_263' title='bbox 61 3077 116 3128; x_wconf 76' lang='lat' dir='ltr'>nisi</span> <span class='ocrx_word' id='word_1_264' title='bbox 128 3090 212 3138; x_wconf 76' lang='lat' dir='ltr'>supra</span> <span class='ocrx_word' id='word_1_265' title='bbox 223 3083 299 3135; x_wconf 88' lang='lat' dir='ltr'>esset,</span> <span class='ocrx_word' id='word_1_266' title='bbox 310 3081 355 3124; x_wconf 86' lang='lat' dir='ltr'>eut</span> <span class='ocrx_word' id='word_1_267' title='bbox 365 3075 391 3123; x_wconf 92' lang='lat' dir='ltr'>in</span> <span class='ocrx_word' id='word_1_268' title='bbox 405 3088 477 3134; x_wconf 87' lang='lat' dir='ltr'>voce,</span> <span class='ocrx_word' id='word_1_269' title='bbox 495 3082 539 3122; x_wconf 77' lang='lat' dir='ltr'>uun</span> <span class='ocrx_word' id='word_1_270' title='bbox 557 3075 582 3123; x_wconf 89' lang='lat' dir='ltr'>in</span> <span class='ocrx_word' id='word_1_271' title='bbox 602 3089 687 3125; x_wconf 85' lang='lat' dir='ltr'>sensu.</span> <span class='ocrx_word' id='word_1_272' title='bbox 706 3077 750 3124; x_wconf 83' lang='lat' dir='ltr'>Fa.</span> <span class='ocrx_word' id='word_1_273' title='bbox 784 3075 854 3123; x_wconf 80' lang='lat' dir='ltr'>Vere</span> <span class='ocrx_word' id='word_1_274' title='bbox 872 3080 914 3122; x_wconf 89' lang='lat' dir='ltr'>est</span> <span class='ocrx_word' id='word_1_275' title='bbox 929 3074 1008 3122; x_wconf 84' lang='lat' dir='ltr'>lectio</span> <span class='ocrx_word' id='word_1_276' title='bbox 1027 3074 1125 3123; x_wconf 76' lang='lat' dir='ltr'>Nihilne</span> <span class='ocrx_word' id='word_1_277' title='bbox 1141 3075 1168 3124; x_wconf 85' lang='lat' dir='ltr'>irs</span> 
     </span>
     <span class='ocr_line' id='line_1_29' title="bbox 61 3138 1167 3204; baseline -0.004 -12"><span class='ocrx_word' id='word_1_278' title='bbox 61 3146 171 3192; x_wconf 73' lang='lat' dir='ltr'>mentem</span> <span class='ocrx_word' id='word_1_279' title='bbox 181 3143 233 3188; x_wconf 76' lang='lat' dir='ltr'>esi?</span> <span class='ocrx_word' id='word_1_280' title='bbox 249 3147 327 3204; x_wconf 82' lang='lat' dir='ltr'>utque</span> <span class='ocrx_word' id='word_1_281' title='bbox 344 3140 478 3187; x_wconf 80' lang='lat' dir='ltr'>irunosrer</span> <span class='ocrx_word' id='word_1_282' title='bbox 491 3139 535 3188; x_wconf 87' lang='lat' dir='ltr'>ille</span> <span class='ocrx_word' id='word_1_283' title='bbox 546 3144 602 3189; x_wconf 84' lang='lat'>90⁰.</span> <span class='ocrx_word' id='word_1_284' title='bbox 615 3153 754 3188; x_wconf 79' lang='lat' dir='ltr'>annorum:</span> <span class='ocrx_word' id='word_1_285' title='bbox 771 3139 852 3187; x_wconf 82' lang='lat' dir='ltr'>ceteri</span> <span class='ocrx_word' id='word_1_286' title='bbox 872 3138 899 3187; x_wconf 77' lang='lat' dir='ltr'>in</span> <span class='ocrx_word' id='word_1_287' title='bbox 917 3143 993 3187; x_wconf 76' lang='lat' dir='ltr'>menie</span> <span class='ocrx_word' id='word_1_288' title='bbox 1007 3145 1050 3189; x_wconf 78' lang='lat' dir='ltr'>est.</span> <span class='ocrx_word' id='word_1_289' title='bbox 1083 3139 1167 3188; x_wconf 87' lang='lat' dir='ltr'>Porro</span> 
     </span>
     <span class='ocr_line' id='line_1_30' title="bbox 62 3203 1168 3270; baseline -0.001 -14"><span class='ocrx_word' id='word_1_290' title='bbox 62 3207 127 3270; x_wconf 76' lang='lat' dir='ltr'>lege</span> <span class='ocrx_word' id='word_1_291' title='bbox 140 3205 264 3267; x_wconf 71' lang='lat' dir='ltr'>Nusquam</span> <span class='ocrx_word' id='word_1_292' title='bbox 279 3205 408 3267; x_wconf 72' lang='lat' dir='ltr'>quicquain</span> <span class='ocrx_word' id='word_1_293' title='bbox 426 3204 503 3251; x_wconf 88' lang='lat' dir='ltr'>Bent.</span> <span class='ocrx_word' id='word_1_294' title='bbox 538 3205 578 3251; x_wconf 82' lang='lat' dir='ltr'>Ex</span> <span class='ocrx_word' id='word_1_295' title='bbox 599 3219 638 3263; x_wconf 86' lang='lat' dir='ltr'>eo,</span> <span class='ocrx_word' id='word_1_296' title='bbox 657 3205 726 3268; x_wconf 89' lang='lat' dir='ltr'>quod</span> <span class='ocrx_word' id='word_1_297' title='bbox 746 3205 795 3252; x_wconf 89' lang='lat' dir='ltr'>Do.</span> <span class='ocrx_word' id='word_1_298' title='bbox 815 3203 927 3267; x_wconf 82' lang='lat' dir='ltr'>notavit,</span> <span class='ocrx_word' id='word_1_299' title='bbox 944 3204 1113 3253; x_wconf 84' lang='lat' dir='ltr'>omittendum</span> <span class='ocrx_word' id='word_1_300' title='bbox 1132 3209 1168 3255; x_wconf 74' lang='lat' dir='ltr'>esi</span> 
     </span>
     <span class='ocr_line' id='line_1_31' title="bbox 63 3266 1168 3332; baseline -0.002 -12"><span class='ocrx_word' id='word_1_301' title='bbox 63 3271 185 3321; x_wconf 79' lang='lat' dir='ltr'>videtur.</span> <span class='ocrx_word' id='word_1_302' title='bbox 213 3266 486 3330; x_wconf 61' lang='lat' dir='ltr'>Neqooreeuelfu.</span> <span class='ocrx_word' id='word_1_303' title='bbox 504 3268 569 3316; x_wconf 86' lang='lat' dir='ltr'>Peri.</span> <span class='ocrx_word' id='word_1_304' title='bbox 597 3269 732 3317; x_wconf 77' lang='lat' dir='ltr'>Nihilnein</span> <span class='ocrx_word' id='word_1_305' title='bbox 742 3268 854 3331; x_wconf 63' lang='lat' dir='ltr'>medem]</span> <span class='ocrx_word' id='word_1_306' title='bbox 872 3268 916 3316; x_wconf 88' lang='lat' dir='ltr'>Sic</span> <span class='ocrx_word' id='word_1_307' title='bbox 928 3269 979 3316; x_wconf 89' lang='lat' dir='ltr'>Do.</span> <span class='ocrx_word' id='word_1_308' title='bbox 991 3269 1085 3332; x_wconf 83' lang='lat' dir='ltr'>legisse</span> <span class='ocrx_word' id='word_1_309' title='bbox 1096 3269 1168 3318; x_wconf 85' lang='lat' dir='ltr'>vide-</span> 
     </span>
     <span class='ocr_line' id='line_1_32' title="bbox 63 3332 1167 3396; baseline -0.001 -11"><span class='ocrx_word' id='word_1_310' title='bbox 63 3343 122 3386; x_wconf 86' lang='lat' dir='ltr'>tur.</span> <span class='ocrx_word' id='word_1_311' title='bbox 155 3332 294 3383; x_wconf 84' lang='lat' dir='ltr'>SedBeru.</span> <span class='ocrx_word' id='word_1_312' title='bbox 310 3333 338 3380; x_wconf 78' lang='lat' dir='ltr'>in</span> <span class='ocrx_word' id='word_1_313' title='bbox 356 3338 455 3380; x_wconf 83' lang='lat' dir='ltr'>mentem</span> <span class='ocrx_word' id='word_1_314' title='bbox 473 3336 523 3379; x_wconf 82' lang='lat' dir='ltr'>est:</span> <span class='ocrx_word' id='word_1_315' title='bbox 543 3333 611 3395; x_wconf 89' lang='lat' dir='ltr'>quod</span> <span class='ocrx_word' id='word_1_316' title='bbox 629 3332 788 3382; x_wconf 81' lang='lat' dir='ltr'>Plautinum.</span> <span class='ocrx_word' id='word_1_317' title='bbox 807 3333 866 3396; x_wconf 82' lang='lat' dir='ltr'>Rip.</span> <span class='ocrx_word' id='word_1_318' title='bbox 900 3333 935 3381; x_wconf 88' lang='lat' dir='ltr'>N.</span> <span class='ocrx_word' id='word_1_319' title='bbox 947 3333 972 3381; x_wconf 83' lang='lat' dir='ltr'>ir</span> <span class='ocrx_word' id='word_1_320' title='bbox 983 3338 1104 3383; x_wconf 81' lang='lat' dir='ltr'>menteesi</span> <span class='ocrx_word' id='word_1_321' title='bbox 1120 3335 1167 3384; x_wconf 90' lang='lat' dir='ltr'>Br.</span> 
     </span>
     <span class='ocr_line' id='line_1_33' title="bbox 62 3395 1166 3460; baseline -0.001 -11"><span class='ocrx_word' id='word_1_322' title='bbox 62 3401 114 3449; x_wconf 74' lang='lat' dir='ltr'>Est</span> <span class='ocrx_word' id='word_1_323' title='bbox 128 3397 204 3448; x_wconf 78' lang='lat' dir='ltr'>addit</span> <span class='ocrx_word' id='word_1_324' title='bbox 218 3403 245 3446; x_wconf 83' lang='lat' dir='ltr'>et</span> <span class='ocrx_word' id='word_1_325' title='bbox 262 3398 292 3446; x_wconf 87' lang='lat' dir='ltr'>Z.</span> <span class='ocrx_word' id='word_1_326' title='bbox 318 3397 441 3458; x_wconf 76' lang='lat' dir='ltr'>ll&#39;usquom</span> <span class='ocrx_word' id='word_1_327' title='bbox 459 3395 505 3444; x_wconf 84' lang='lat' dir='ltr'>det</span> <span class='ocrx_word' id='word_1_328' title='bbox 524 3396 666 3446; x_wconf 66' lang='lat' dir='ltr'>Botis-14</span> <span class='ocrx_word' id='word_1_329' title='bbox 684 3398 777 3446; x_wconf 87' lang='lat' dir='ltr'>Boend.</span> <span class='ocrx_word' id='word_1_330' title='bbox 797 3398 870 3447; x_wconf 84' lang='lat' dir='ltr'>Hisce</span> <span class='ocrx_word' id='word_1_331' title='bbox 888 3412 959 3460; x_wconf 86' lang='lat' dir='ltr'>opero</span> <span class='ocrx_word' id='word_1_332' title='bbox 970 3398 1009 3445; x_wconf 83' lang='lat' dir='ltr'>dio</span> <span class='ocrx_word' id='word_1_333' title='bbox 1020 3403 1047 3446; x_wconf 83' lang='lat' dir='ltr'>ui</span> <span class='ocrx_word' id='word_1_334' title='bbox 1058 3400 1166 3449; x_wconf 72' lang='lat' dir='ltr'>delusit.</span> 
     </span>
     <span class='ocr_line' id='line_1_34' title="bbox 63 3459 1165 3524; baseline -0.004 -10"><span class='ocrx_word' id='word_1_335' title='bbox 63 3465 153 3514; x_wconf 74' lang='lat' dir='ltr'>west.</span> <span class='ocrx_word' id='word_1_336' title='bbox 187 3462 237 3510; x_wconf 83' lang='lat' dir='ltr'>Dic</span> <span class='ocrx_word' id='word_1_337' title='bbox 256 3468 316 3524; x_wconf 77' lang='lat' dir='ltr'>posi</span> <span class='ocrx_word' id='word_1_338' title='bbox 331 3460 412 3510; x_wconf 84' lang='lat' dir='ltr'>verbe</span> <span class='ocrx_word' id='word_1_339' title='bbox 427 3463 473 3508; x_wconf 87' lang='lat' dir='ltr'>‘ut</span> <span class='ocrx_word' id='word_1_340' title='bbox 492 3459 517 3508; x_wconf 87' lang='lat' dir='ltr'>d.</span> <span class='ocrx_word' id='word_1_341' title='bbox 538 3460 566 3508; x_wconf 88' lang='lat' dir='ltr'>s.’</span> <span class='ocrx_word' id='word_1_342' title='bbox 584 3462 609 3509; x_wconf 91' lang='lat' dir='ltr'>in</span> <span class='ocrx_word' id='word_1_343' title='bbox 630 3460 718 3510; x_wconf 85' lang='lat' dir='ltr'>Guelf.</span> <span class='ocrx_word' id='word_1_344' title='bbox 737 3466 761 3510; x_wconf 75' lang='lat'>3.</span> <span class='ocrx_word' id='word_1_345' title='bbox 779 3462 846 3510; x_wconf 84' lang='lat' dir='ltr'>Peri.</span> <span class='ocrx_word' id='word_1_346' title='bbox 880 3462 939 3511; x_wconf 91' lang='lat' dir='ltr'>Non</span> <span class='ocrx_word' id='word_1_347' title='bbox 957 3463 1101 3522; x_wconf 76' lang='lat' dir='ltr'>interroget</span> <span class='ocrx_word' id='word_1_348' title='bbox 1119 3461 1165 3510; x_wconf 91' lang='lat' dir='ltr'>Br.</span> 
     </span>
     <span class='ocr_line' id='line_1_35' title="bbox 64 3523 1166 3587; baseline -0.003 -9"><span class='ocrx_word' id='word_1_349' title='bbox 64 3536 132 3578; x_wconf 78' lang='lat' dir='ltr'>cute</span> <span class='ocrx_word' id='word_1_350' title='bbox 145 3526 298 3575; x_wconf 63' lang='lat' dir='ltr'>‘unul—16</span> <span class='ocrx_word' id='word_1_351' title='bbox 317 3527 352 3574; x_wconf 82' lang='lat' dir='ltr'>Ut</span> <span class='ocrx_word' id='word_1_352' title='bbox 366 3525 438 3576; x_wconf 84' lang='lat' dir='ltr'>elium</span> <span class='ocrx_word' id='word_1_353' title='bbox 449 3525 487 3574; x_wconf 91' lang='lat' dir='ltr'>M.</span> <span class='ocrx_word' id='word_1_354' title='bbox 507 3525 583 3575; x_wconf 80' lang='lat' dir='ltr'>West.</span> <span class='ocrx_word' id='word_1_355' title='bbox 620 3527 654 3574; x_wconf 82' lang='lat' dir='ltr'>Ut</span> <span class='ocrx_word' id='word_1_356' title='bbox 671 3531 729 3587; x_wconf 83' lang='lat' dir='ltr'>post</span> <span class='ocrx_word' id='word_1_357' title='bbox 748 3525 757 3552; x_wconf 86' lang='lat'>‘</span> <span class='ocrx_word' id='word_1_358' title='bbox 767 3525 837 3575; x_wconf 68' lang='lat' dir='ltr'>vell!</span> <span class='ocrx_word' id='word_1_359' title='bbox 853 3527 947 3574; x_wconf 89' lang='lat' dir='ltr'>omisso</span> <span class='ocrx_word' id='word_1_360' title='bbox 957 3526 1030 3575; x_wconf 77' lang='lat' dir='ltr'>etiem</span> <span class='ocrx_word' id='word_1_361' title='bbox 1041 3523 1129 3574; x_wconf 84' lang='lat' dir='ltr'>Guelf.</span> <span class='ocrx_word' id='word_1_362' title='bbox 1140 3528 1166 3575; x_wconf 79' lang='lat'>³..</span> 
     </span>
     <span class='ocr_line' id='line_1_36' title="bbox 68 3587 1168 3699; baseline -0.004 -57"><span class='ocrx_word' id='word_1_363' title='bbox 68 3592 133 3670; x_wconf 58' lang='lat' dir='ltr'>Velf.</span> <span class='ocrx_word' id='word_1_364' title='bbox 144 3591 282 3641; x_wconf 61' lang='lat' dir='ltr'>deliuml.</span> <span class='ocrx_word' id='word_1_365' title='bbox 296 3591 426 3639; x_wconf 76' lang='lat' dir='ltr'>Peri-IS</span> <span class='ocrx_word' id='word_1_366' title='bbox 438 3590 485 3638; x_wconf 86' lang='lat' dir='ltr'>Pr.</span> <span class='ocrx_word' id='word_1_367' title='bbox 494 3589 560 3637; x_wconf 83' lang='lat' dir='ltr'>lust.</span> <span class='ocrx_word' id='word_1_368' title='bbox 574 3589 663 3638; x_wconf 86' lang='lat' dir='ltr'>Gram.</span> <span class='ocrx_word' id='word_1_369' title='bbox 675 3590 720 3640; x_wconf 90' lang='lat' dir='ltr'>lib.</span> <span class='ocrx_word' id='word_1_370' title='bbox 730 3603 769 3638; x_wconf 85' lang='lat' dir='ltr'>rx.</span> <span class='ocrx_word' id='word_1_371' title='bbox 779 3589 847 3651; x_wconf 81' lang='lat' dir='ltr'>quusi</span> <span class='ocrx_word' id='word_1_372' title='bbox 856 3591 928 3638; x_wconf 71' lang='lat' dir='ltr'>edm</span> <span class='ocrx_word' id='word_1_373' title='bbox 944 3590 1052 3638; x_wconf 87' lang='lat' dir='ltr'>Codices</span> <span class='ocrx_word' id='word_1_374' title='bbox 1064 3587 1168 3699; x_wconf 56' lang='lat' dir='ltr'>bum</span> 
     </span>
     <span class='ocr_line' id='line_1_37' title="bbox 66 3651 1167 3720; baseline -0.005 -14"><span class='ocrx_word' id='word_1_375' title='bbox 66 3656 163 3720; x_wconf 79' lang='lat' dir='ltr'>scripti</span> <span class='ocrx_word' id='word_1_376' title='bbox 175 3662 202 3705; x_wconf 84' lang='lat' dir='ltr'>et</span> <span class='ocrx_word' id='word_1_377' title='bbox 212 3655 339 3720; x_wconf 86' lang='lat' dir='ltr'>impressi,</span> <span class='ocrx_word' id='word_1_378' title='bbox 357 3655 486 3718; x_wconf 81' lang='lat' dir='ltr'>[numeret</span> <span class='ocrx_word' id='word_1_379' title='bbox 505 3654 532 3701; x_wconf 90' lang='lat' dir='ltr'>iu</span> <span class='ocrx_word' id='word_1_380' title='bbox 550 3653 685 3702; x_wconf 85' lang='lat' dir='ltr'>Addendis</span> <span class='ocrx_word' id='word_1_381' title='bbox 704 3653 739 3703; x_wconf 83' lang='lat' dir='ltr'>G.</span> <span class='ocrx_word' id='word_1_382' title='bbox 755 3655 807 3704; x_wconf 87' lang='lat' dir='ltr'>ET.</span> <span class='ocrx_word' id='word_1_383' title='bbox 828 3654 903 3716; x_wconf 87' lang='grc' dir='ltr'><strong>ΕΜ.]</strong></span> <span class='ocrx_word' id='word_1_384' title='bbox 912 3655 1002 3714; x_wconf 79' lang='lat' dir='ltr'>fervet.</span> <span class='ocrx_word' id='word_1_385' title='bbox 1034 3653 1068 3702; x_wconf 85' lang='lat' dir='ltr'>Se</span> <span class='ocrx_word' id='word_1_386' title='bbox 1098 3651 1167 3700; x_wconf 85' lang='lat' dir='ltr'>idern</span> 
     </span>
     <span class='ocr_line' id='line_1_38' title="bbox 64 3715 1166 3782; baseline -0.002 -14"><span class='ocrx_word' id='word_1_387' title='bbox 64 3721 178 3770; x_wconf 85' lang='lat' dir='ltr'>verbum</span> <span class='ocrx_word' id='word_1_388' title='bbox 190 3719 267 3769; x_wconf 80' lang='lat' dir='ltr'>etium</span> <span class='ocrx_word' id='word_1_389' title='bbox 279 3719 356 3768; x_wconf 76' lang='lat' dir='ltr'>tertia</span> <span class='ocrx_word' id='word_1_390' title='bbox 368 3718 546 3782; x_wconf 79' lang='lat' dir='ltr'>conjugatione</span> <span class='ocrx_word' id='word_1_391' title='bbox 557 3719 705 3766; x_wconf 83' lang='lat' dir='ltr'>extulerunt</span> <span class='ocrx_word' id='word_1_392' title='bbox 718 3719 835 3768; x_wconf 86' lang='lat' dir='ltr'>Veteres.</span> <span class='ocrx_word' id='word_1_393' title='bbox 856 3719 932 3768; x_wconf 81' lang='lat' dir='ltr'>West.</span> <span class='ocrx_word' id='word_1_394' title='bbox 964 3717 1009 3765; x_wconf 90' lang='lat' dir='ltr'>Pr.</span> <span class='ocrx_word' id='word_1_395' title='bbox 1030 3717 1067 3764; x_wconf 83' lang='lat' dir='ltr'>its</span> <span class='ocrx_word' id='word_1_396' title='bbox 1083 3715 1166 3766; x_wconf 80' lang='lat' dir='ltr'>citat:</span> 
     </span>
     <span class='ocr_line' id='line_1_39' title="bbox 62 3779 1167 3868; baseline -0.005 -34"><span class='ocrx_word' id='word_1_397' title='bbox 62 3787 132 3834; x_wconf 73' lang='lat' dir='ltr'>Crem</span> <span class='ocrx_word' id='word_1_398' title='bbox 142 3784 344 3846; x_wconf 73' lang='lat' dir='ltr'>mmmsmit,</span> <span class='ocrx_word' id='word_1_399' title='bbox 354 3788 403 3831; x_wconf 84' lang='lat' dir='ltr'>lum</span> <span class='ocrx_word' id='word_1_400' title='bbox 411 3783 529 3868; x_wconf 64' lang='lat' dir='ltr'>placidum</span> <span class='ocrx_word' id='word_1_401' title='bbox 539 3782 606 3845; x_wconf 82' lang='lat' dir='ltr'>quusi</span> <span class='ocrx_word' id='word_1_402' title='bbox 616 3798 680 3830; x_wconf 84' lang='lat' dir='ltr'>ouem</span> <span class='ocrx_word' id='word_1_403' title='bbox 690 3785 769 3832; x_wconf 83' lang='lat' dir='ltr'>reddo.</span> <span class='ocrx_word' id='word_1_404' title='bbox 786 3784 834 3832; x_wconf 80' lang='lat' dir='ltr'>Est</span> <span class='ocrx_word' id='word_1_405' title='bbox 846 3789 932 3831; x_wconf 79' lang='lat' dir='ltr'>erilem</span> <span class='ocrx_word' id='word_1_406' title='bbox 942 3781 1048 3844; x_wconf 80' lang='lat' dir='ltr'>eurique</span> <span class='ocrx_word' id='word_1_407' title='bbox 1060 3779 1167 3843; x_wconf 77' lang='lat' dir='ltr'>locutio,</span> 
     </span>
     <span class='ocr_line' id='line_1_40' title="bbox 146 3846 1083 3878; baseline -0.004 0"><span class='ocrx_word' id='word_1_408' title='bbox 146 3851 155 3878; x_wconf 81' lang='lat' dir='ltr'>r</span> <span class='ocrx_word' id='word_1_409' title='bbox 230 3849 260 3871; x_wconf 65' lang='grc' dir='ltr'>ν·</span> <span class='ocrx_word' id='word_1_410' title='bbox 367 3854 374 3876; x_wconf 75' lang='grc' dir='ltr'><em>ι</em></span> <span class='ocrx_word' id='word_1_411' title='bbox 447 3848 454 3860; x_wconf 83' lang='lat'><strong>·</strong></span> <span class='ocrx_word' id='word_1_412' title='bbox 766 3848 773 3860; x_wconf 86' lang='lat'><strong>·</strong></span> <span class='ocrx_word' id='word_1_413' title='bbox 1078 3846 1083 3857; x_wconf 93' lang='lat'>·</span> 
     </span>
     <span class='ocr_line' id='line_1_41' title="bbox 65 3846 1167 3974; baseline -0.005 -8"><span class='ocrx_word' id='word_1_414' title='bbox 65 3856 148 3966; x_wconf 64' lang='lat' dir='ltr'>ns.</span> <span class='ocrx_word' id='word_1_415' title='bbox 167 3847 542 3974; x_wconf 57' lang='lat' dir='ltr'>:rirlrsrr1uii</span> <span class='ocrx_word' id='word_1_416' title='bbox 564 3846 1167 3974; x_wconf 46' lang='lat' dir='ltr'>desnensis{conserens</span> 
     </span>
     <span class='ocr_line' id='line_1_42' title="bbox 67 3972 1168 4038; baseline -0.005 -10"><span class='ocrx_word' id='word_1_417' title='bbox 67 3979 134 4028; x_wconf 85' lang='lat' dir='ltr'>illud</span> <span class='ocrx_word' id='word_1_418' title='bbox 147 3978 238 4028; x_wconf 77' lang='lat' dir='ltr'>Plauti</span> <span class='ocrx_word' id='word_1_419' title='bbox 249 3979 326 4028; x_wconf 86' lang='lat' dir='ltr'>Curc.</span> <span class='ocrx_word' id='word_1_420' title='bbox 341 3991 360 4025; x_wconf 90' lang='lat'>1.</span> <span class='ocrx_word' id='word_1_421' title='bbox 372 3981 413 4026; x_wconf 78' lang='lat'>51.</span> <span class='ocrx_word' id='word_1_422' title='bbox 430 3977 506 4024; x_wconf 86' lang='lat' dir='ltr'>‘Turn</span> <span class='ocrx_word' id='word_1_423' title='bbox 518 3989 534 4024; x_wconf 81' lang='lat' dir='ltr'><strong>a</strong></span> <span class='ocrx_word' id='word_1_424' title='bbox 545 3989 585 4025; x_wconf 86' lang='lat' dir='ltr'>me</span> <span class='ocrx_word' id='word_1_425' title='bbox 595 3977 722 4038; x_wconf 82' lang='lat' dir='ltr'>pudicost,</span> <span class='ocrx_word' id='word_1_426' title='bbox 742 3977 813 4038; x_wconf 78' lang='lat' dir='ltr'>quusi</span> <span class='ocrx_word' id='word_1_427' title='bbox 826 3972 1028 4030; x_wconf 70' lang='lat' dir='ltr'>scrumosus?</span> <span class='ocrx_word' id='word_1_428' title='bbox 1061 3975 1111 4024; x_wconf 88' lang='lat' dir='ltr'>Ubi</span> <span class='ocrx_word' id='word_1_429' title='bbox 1124 3988 1168 4023; x_wconf 92' lang='lat' dir='ltr'>co-</span> 
     </span>
     <span class='ocr_line' id='line_1_43' title="bbox 69 4038 1167 4104; baseline 0 -13"><span class='ocrx_word' id='word_1_430' title='bbox 69 4043 124 4092; x_wconf 86' lang='lat' dir='ltr'>dex</span> <span class='ocrx_word' id='word_1_431' title='bbox 134 4050 223 4093; x_wconf 77' lang='lat' dir='ltr'>lumen</span> <span class='ocrx_word' id='word_1_432' title='bbox 236 4042 335 4104; x_wconf 80' lang='lat' dir='ltr'>Regius</span> <span class='ocrx_word' id='word_1_433' title='bbox 345 4056 414 4104; x_wconf 76' lang='lat' dir='ltr'>qrrum</span> <span class='ocrx_word' id='word_1_434' title='bbox 424 4040 455 4089; x_wconf 82' lang='lat' dir='ltr'>si.</span> <span class='ocrx_word' id='word_1_435' title='bbox 489 4041 567 4103; x_wconf 80' lang='lat' dir='ltr'>Lege,</span> <span class='ocrx_word' id='word_1_436' title='bbox 589 4041 647 4090; x_wconf 85' lang='lat' dir='ltr'>Tem</span> <span class='ocrx_word' id='word_1_437' title='bbox 664 4055 679 4088; x_wconf 88' lang='lat' dir='ltr'>u</span> <span class='ocrx_word' id='word_1_438' title='bbox 696 4054 732 4088; x_wconf 89' lang='lat' dir='ltr'>me</span> <span class='ocrx_word' id='word_1_439' title='bbox 748 4040 865 4102; x_wconf 78' lang='lat' dir='ltr'>podiensi,</span> <span class='ocrx_word' id='word_1_440' title='bbox 882 4054 952 4101; x_wconf 81' lang='lat' dir='ltr'>quum</span> <span class='ocrx_word' id='word_1_441' title='bbox 970 4038 992 4087; x_wconf 87' lang='lat' dir='ltr'>si</span> <span class='ocrx_word' id='word_1_442' title='bbox 1007 4053 1072 4088; x_wconf 86' lang='lat' dir='ltr'>soror</span> <span class='ocrx_word' id='word_1_443' title='bbox 1082 4039 1115 4087; x_wconf 88' lang='lat' dir='ltr'>mi</span> <span class='ocrx_word' id='word_1_444' title='bbox 1125 4040 1167 4091; x_wconf 77' lang='lat' dir='ltr'>sis.</span> 
     </span>
     <span class='ocr_line' id='line_1_44' title="bbox 69 4102 1168 4170; baseline -0.004 -13"><span class='ocrx_word' id='word_1_445' title='bbox 69 4106 158 4170; x_wconf 84' lang='lat' dir='ltr'>Siquis</span> <span class='ocrx_word' id='word_1_446' title='bbox 177 4107 257 4170; x_wconf 82' lang='lat' dir='ltr'>igitur</span> <span class='ocrx_word' id='word_1_447' title='bbox 276 4105 340 4154; x_wconf 91' lang='lat' dir='ltr'>illud</span> <span class='ocrx_word' id='word_1_448' title='bbox 359 4103 426 4167; x_wconf 83' lang='lat' dir='ltr'>quusi</span> <span class='ocrx_word' id='word_1_449' title='bbox 444 4120 459 4152; x_wconf 82' lang='lat' dir='ltr'><strong>a</strong></span> <span class='ocrx_word' id='word_1_450' title='bbox 477 4103 523 4152; x_wconf 90' lang='lat' dir='ltr'>Pr.</span> <span class='ocrx_word' id='word_1_451' title='bbox 543 4105 665 4167; x_wconf 80' lang='lat' dir='ltr'>accipiat,</span> <span class='ocrx_word' id='word_1_452' title='bbox 681 4118 731 4154; x_wconf 90' lang='lat' dir='ltr'>non</span> <span class='ocrx_word' id='word_1_453' title='bbox 750 4109 799 4152; x_wconf 83' lang='lat' dir='ltr'>tum</span> <span class='ocrx_word' id='word_1_454' title='bbox 817 4104 858 4152; x_wconf 81' lang='lat' dir='ltr'>liic</span> <span class='ocrx_word' id='word_1_455' title='bbox 869 4103 951 4166; x_wconf 81' lang='lat' dir='ltr'>legat,</span> <span class='ocrx_word' id='word_1_456' title='bbox 965 4102 1011 4152; x_wconf 86' lang='lat' dir='ltr'>sed</span> <span class='ocrx_word' id='word_1_457' title='bbox 1022 4109 1086 4152; x_wconf 81' lang='lat' dir='ltr'>iem:</span> <span class='ocrx_word' id='word_1_458' title='bbox 1107 4103 1168 4153; x_wconf 78' lang='lat' dir='ltr'>Cum</span> 
     </span>
     <span class='ocr_line' id='line_1_45' title="bbox 64 4167 1168 4232; baseline -0.005 -10"><span class='ocrx_word' id='word_1_459' title='bbox 64 4172 146 4232; x_wconf 67' lang='lat' dir='ltr'>seruit</span> <span class='ocrx_word' id='word_1_460' title='bbox 158 4186 274 4228; x_wconf 74' lang='lat' dir='ltr'>mmm,</span> <span class='ocrx_word' id='word_1_461' title='bbox 285 4171 459 4232; x_wconf 66' lang='lat' dir='ltr'>rumpendum</span> <span class='ocrx_word' id='word_1_462' title='bbox 469 4170 535 4230; x_wconf 81' lang='lat' dir='ltr'>quusi</span> <span class='ocrx_word' id='word_1_463' title='bbox 545 4183 609 4220; x_wconf 81' lang='lat' dir='ltr'>ocem</span> <span class='ocrx_word' id='word_1_464' title='bbox 619 4170 698 4218; x_wconf 81' lang='lat' dir='ltr'>reddo.</span> <span class='ocrx_word' id='word_1_465' title='bbox 731 4167 800 4218; x_wconf 87' lang='lat' dir='ltr'>Illud</span> <span class='ocrx_word' id='word_1_466' title='bbox 812 4168 879 4218; x_wconf 86' lang='lat' dir='ltr'>enirn</span> <span class='ocrx_word' id='word_1_467' title='bbox 889 4168 1086 4226; x_wconf 73' lang='lat' dir='ltr'>observandum,</span> <span class='ocrx_word' id='word_1_468' title='bbox 1096 4170 1168 4217; x_wconf 76' lang='lat' dir='ltr'>redde</span> 
     </span>
    </p>
   </div>
   <div class='ocr_carea' id='block_1_8' title="bbox 0 0 1352 4694">
    <p class='ocr_par' dir='ltr' id='par_1_10' title="bbox 0 0 1352 4694">
     <span class='ocr_line' id='line_1_46' title="bbox 0 0 1352 4694; baseline 0 0"><span class='ocrx_word' id='word_1_469' title='bbox 0 0 1352 4694; x_wconf 95' lang='lat' dir='ltr'> </span> 
     </span>
    </p>
   </div>
  </div>
 </body>
</html>
