2678 4694
317 336 631 389 uuuurourruoa.
653 304 737 390 Aur.
760 341 796 392 v.
817 341 871 390 ec.
893 340 928 393 v.
1050 358 1051 362 ¹
1099 325 1169 399 lidi

72 481 133 546 So.
156 479 266 546 Gnate
280 482 337 560 mi,
363 503 426 566 ego
446 483 506 568 pol
526 483 589 550 tibi
608 484 697 551 daho
719 486 812 552 illam
832 485 991 571 lepidam,
1014 504 1115 572 quam
1129 496 1168 556 tu

200 585 299 650 facile
313 605 417 665 ames,

73 687 198 752 Filiam
213 687 438 755 Phanocratae
453 689 570 756 nostri.
613 688 679 758 Cr..
701 688 869 755 Rufamne
889 688 984 756 illam
998 690 1168 775 virginem,

19 786 28 792 ’
71 788 235 869 Caesiam,
249 809 370 873 sparso
386 810 455 869 ore,
471 790 603 856 adunco
617 793 726 857 nasot
748 810 817 856 non
830 811 983 875 possum,
996 801 1102 878 pater.

70 889 139 966 Cu.
161 891 271 956 Heio!
291 885 329 956 ut
352 891 490 973 elegans
511 893 579 959 est!
602 893 718 958 credas
740 894 886 959 animum
908 893 957 959 ibi
976 913 1063 961 cese.
1107 898 1167 965 So.

200 992 315 1059 Aliam
329 993 429 1058 dabo.
1266 1063 1273 1071 .

70 1094 136 1162 Cr..
159 1094 253 1173 Quid
266 1095 370 1160 istict
393 1094 661 1180 quandoquidem
676 1096 831 1166 ducenda
841 1104 903 1177 est,
915 1102 1046 1182 egomet
1056 1100 1166 1167 habco

198 1198 451 1282 propemodum,
1122 1205 1167 1270 20

69 1299 181 1379 Quam
204 1300 297 1365 volo.
341 1300 401 1365 So.
424 1298 524 1366 Nunc
544 1302 648 1368 leudo
667 1310 714 1382 te,
737 1309 848 1386 gnato.
891 1303 957 1370 Gr..
983 1305 1166 1373 Archonidi

199 1401 298 1488 hujus
311 1402 426 1467 filiam.

68 1507 126 1571 So.
149 1505 339 1589 Perplacet.
385 1503 450 1571 Cu.
473 1504 585 1585 Pater,
608 1505 674 1571 hoc
695 1526 782 1571 nunc
797 1511 911 1573 restat.
955 1506 1026 1574 GH.
1047 1507 1163 1589 Quidt

196 1606 263 1673 Gn.
287 1609 374 1694 Syro
389 1610 546 1692 ignoscas
561 1611 652 1689 volo,

64 1859 112 1909 So.
134 1860 185 1909 Fili
202 1862 245 1925 mi,
255 1877 298 1925 per
310 1862 438 1927 Pollucem,
454 1863 512 1914 dolo
531 1864 577 1915 tihi
593 1865 694 1929 puellum
712 1864 778 1916 illem
795 1869 924 1926 mmmmm,
949 1880 1019 1931 qoem
1037 1870 1064 1915 ts
1081 1865 1164 1928 cupide

64 1938 140 1985 omer,
151 1924 234 1990 filiam
246 1927 409 1989 Phanocratae,
419 1930 496 1979 nostri
506 1929 586 1981 olrici.
614 1932 660 1983 Cr..
676 1931 783 1980 Dtrhirrre
793 1932 859 1981 illem
867 1932 968 1994 patellam
977 1932 1065 1993 Mum,
1074 1929 1166 1991 guaris

62 1989 145 2050 mutis,
155 1991 375 2055 hrtigimmfffl,
390 2007 447 2041 noro
456 1995 553 2044 incuruo
571 2000 594 2042 et
605 1993 712 2057 i'tfim?
722 2011 735 2043 ο
745 2000 821 2058 poter,
838 2009 884 2044 aon
894 2010 986 2057 pomum
1004 2011 1055 2045 eoin
1072 1996 1164 2043 ducere.

65 2055 120 2102 Cer.
138 2055 196 2115 Eia,
207 2071 277 2118 quem
290 2059 394 2120 predere
404 2063 440 2106 est
450 2058 476 2107 ia
487 2059 529 2108 hcc
538 2058 649 2109 delectu!
677 2059 758 2109 Futile
768 2074 881 2120 cgaorem
890 2061 967 2121 iprum
977 2063 1008 2108 ad
1018 2061 1077 2109 harre
1087 2064 1165 2106 ortem

63 2117 171 2166 ocimum
181 2120 300 2180 adjecisse.
327 2123 372 2170 So.
391 2122 461 2170 Doho
471 2123 542 2171 aliem
553 2123 606 2172 tihi.
634 2124 681 2174 Cr..
700 2124 750 2179 Qui
762 2128 854 2172 tontum
866 2123 1016 2172 humandum
1024 2119 1080 2173 eti?
1094 2127 1166 2182 certe,

63 2183 176 2244 quonium
188 2199 278 2234 necesse
288 2191 323 2234 est
334 2202 370 2235 me
379 2201 475 2235 uxorem
486 2189 577 2248 ducere,
587 2202 631 2250 ego
641 2188 781 2248 invenisne
792 2189 852 2250 quod
865 2187 989 2251 quantur.
1023 2187 1069 2237 So.
1082 2187 1105 2234 0
1111 2185 1163 2250 fill,

63 2262 126 2295 nunc
139 2250 209 2297 laudo
220 2254 251 2298 te.
285 2249 331 2299 Cr..
350 2251 453 2301 Grntm
463 2251 620 2316 haheofiliom
631 2253 775 2302 Archonidir
784 2252 862 2311 hujus.
896 2252 943 2302 So.
964 2252 1037 2302 Valde
1045 2255 1119 2314 mom
1128 2253 1164 2299 est

64 2312 132 2360 mihi.
170 2315 217 2364 Cr..
236 2316 259 2363 0
265 2320 344 2379 poter,
355 2330 498 2378 cercurum
508 2318 624 2379 relicuum
634 2323 681 2366 est.
713 2318 767 2366 Cu.
787 2317 906 2372 Quidam
914 2318 995 2366 irtud?
1028 2317 1077 2367 Cr..
1098 2316 1165 2378 Volo,

522 2500 706 2523 nmmum

62 2649 144 2699 litem.
164 2647 352 2700 Mauortia.
369 2655 397 2698 et
411 2649 450 2699 Μ.
470 2664 527 2699 cum
545 2650 602 2700 ΕΑ.
614 2649 668 2699 ΕΤ.
680 2648 741 2698 ΕΜ.
757 2651 874 2711 whom:
890 2649 959 2713 quod
978 2661 1078 2699 versum
1098 2647 1163 2700 iacit

62 2728 137 2779 aequo
148 2713 300 2775 longiorem.
333 2713 365 2762 Id
375 2715 495 2763 Erasmus
506 2715 725 2775 auiuradverteus,
736 2714 816 2763 Gnate
826 2715 870 2775 mi,
881 2713 996 2763 sustulit.
1013 2713 1085 2764 Glar.
1097 2728 1163 2765 reae·

62 2787 116 2835 eat,
126 2778 170 2827 mi.
182 2778 251 2826 Gor.
262 2786 290 2826 et
300 2778 370 2827 Mur.
382 2778 434 2828 tihi.
467 2778 559 2827 Lectio
571 2792 645 2842 quam
664 2777 783 2838 exhibeo,
794 2786 835 2828 est
847 2793 862 2827 o
883 2778 1001 2827 timorum
1018 2777 1143 2830 librorum
1153 2795 1162 2840 t

61 2843 109 2892 sed
124 2849 153 2891 et
164 2850 275 2891 metrum
288 2850 384 2892 servat.
417 2843 449 2892 In
466 2843 521 2894 ΕΡ.
532 2851 589 2892 est:
606 2841 675 2891 Dcho
691 2841 794 2906 puellam
807 2792 908 2955 &GL
923 2844 989 2891 illum
1004 2843 1098 2892 emmam
1112 2844 1162 2893 air·

58 2908 149 2969 mmm.
168 2907 250 2956 Wcst.
284 2907 367 2957 Recte
378 2908 461 2957 turm:
477 2908 560 2956 nostri
571 2908 692 2956 mendose
702 2907 812 2970 mettum.
853 2912 907 2956 ent.
941 2906 1162 2958 ‘HoecSoatratae

61 2971 218 3034 attribuunt,
229 2970 275 3020 sed
287 2970 418 3020 Chremeti
434 2972 491 3022 cod.
509 2972 544 3034 A,
560 2969 653 3022 recte.'
671 2971 745 3023 Both.
765 2971 879 3023 Puellam
896 2971 943 3021 Br.
975 2971 1062 3021 ὈΜ
1082 2972 1163 3022 Grets

31 3065 39 3080 .
60 3035 136 3085 mihi.-
152 3036 192 3085 ite
209 3041 296 3085 tamen
314 3036 450 3099 scriptum,
461 3045 499 3087 ut
510 3037 639 3101 posterior
654 3034 831 3099 syllaba,‘hi’
842 3034 978 3099 pallidiore
993 3042 1163 3087 atmmeutoa

60 3101 157 3150 seriore
176 3114 254 3149 manu
273 3099 515 3164 adjecturideatur.
533 3101 596 3152 tibh.
613 3101 693 3165 antiq.
710 3102 811 3163 puellam
827 3115 874 3164 pro
890 3099 963 3150 illum
990 3100 1053 3151 Par.
1070 3117 1096 3165 p.
1107 3115 1161 3153 var.

59 3162 147 3214 ellam!
165 3164 237 3214 Perl.
253 3163 338 3215 Abest
356 3170 384 3215 te
396 3165 484 3216 Guelf.
496 3170 584 3216 2.-17
602 3167 663 3216 Vet.
674 3165 732 3216 cod.
750 3180 793 3227 ep.
812 3165 889 3214 Lind.
904 3166 971 3215 illem
985 3168 1160 3228 puellum-2⁰
1235 3221 1237 3227 ,
1298 3159 1333 3231 ’,

60 3229 154 3279 Nostri
173 3243 261 3279 omues
274 3229 343 3285 Quid
355 3229 428 3282 uriel
446 3232 539 3280 Placet
558 3238 655 3295 tamen,
670 3229 740 3295 quod
750 3229 892 3280 Bembinus
911 3230 1063 3292 dat,1mmc.
1080 3233 1160 3282 Beut.

59 3293 104 3342 Ito
116 3300 145 3342 et
151 3293 248 3342 hubent
257 3294 328 3344 Perl.
339 3295 399 3358 Bip.
412 3296 491 3345 Both.
501 3295 543 3360 qui
555 3295 634 3344 etism
645 3298 773 3363 ducendum
787 3295 860 3359 legit.
893 3293 978 3344 Abest
987 3295 1062 3345 Immo
1073 3295 1161 3348 (tueri.

60 3362 152 3408 8.-21
170 3357 204 3409 G.
218 3359 288 3407 Nunc
304 3360 383 3421 hudo,
399 3365 480 3421 gnate.
513 3361 549 3410 Et
565 3374 633 3423 mox,
645 3360 795 3410 Archonidis.
829 3358 872 3410 Ita
883 3368 912 3409 et
926 3361 979 3409 ΕΤ.
997 3369 1024 3410 et
1035 3361 1096 3410 EM.
1109 3361 1161 3411 Ms.

60 3423 133 3485 Lips.
151 3436 204 3472 uon
219 3424 338 3485 agnoscit
347 3423 377 3471 rh
388 3423 467 3486 hujus.
500 3422 532 3473 Iu
544 3425 636 3474 Boend.
649 3431 677 3475 et
693 3425 750 3474 ΕΡ.
767 3429 808 3473 est
826 3424 1061 3501 Archonidisfllium.
1076 3426 1160 3475 Wert.

59 3487 208 3536 Archonidis
215 3487 305 3553 filium.
337 3486 411 3538 Idem
431 3488 497 3538 liber
512 3490 611 3554 [Bem]
629 3489 762 3539 Archonidi
774 3488 872 3550 huiusi.
882 3503 932 3538 nec
946 3490 1024 3540 aliter
1039 3496 1093 3538 stat
1108 3498 1160 3538 tro·

58 3551 181 3602 cheteusr
198 3559 226 3602 et
244 3554 283 3602 ita
298 3552 376 3602 etism
394 3554 460 3604 citet
476 3553 625 3602 Priscianus
640 3554 708 3603 libro
725 3559 806 3603 sexto.
824 3552 871 3602 Fe.
903 3553 1052 3602 Priscianus
1065 3567 1091 3616 p.
1102 3555 1160 3603 ⁷⁰6.

58 3615 128 3666 citat
138 3615 272 3666 Archonidi
276 3618 368 3682 fllium:
385 3619 493 3668 sednon
506 3617 585 3668 hahet
596 3618 680 3678 hrum:
697 3618 745 3668 hoc
762 3616 889 3667 Bembino
901 3617 1034 3667 debemus.
1067 3617 1160 3666 Nostri

56 3681 189 3730 Aremidis
198 3681 289 3746 fllium.
306 3683 383 3732 Bent.
420 3685 489 3733 Nemo
502 3684 670 3743 laudmgoote.
703 3683 779 3744 Vulg.
790 3681 847 3731 hec
858 3690 887 3732 et
903 3695 1014 3746 sequeus
1030 3680 1160 3744 ‘Perple-

57 3743 118 3795 cet’
131 3746 199 3795 mala
216 3747 340 3796 Sostrate
359 3747 531 3798 ascribuntur.
563 3747 671 3810 Legitur
687 3761 791 3811 quoque
807 3745 950 3810 depravate
966 3744 1105 3804 Archonidi,
1116 3746 1158 3795 rel

57 3809 543 3876 Arctoniuts‚ve1dentqoe‚in1mtis
583 3811 708 3861 raesertlm
727 3811 809 3870 libris,
819 3812 954 3860 Areonidis.
989 3810 1090 3858 Nomen
1107 3818 1158 3874 est,
1233 3816 1237 3827 ‘

54 3877 65 3902 ⁴
78 3874 242 3931 Archonidas
251 3875 259 3897 ’
269 3877 310 3924 vel
321 3877 417 3926 Dorice
428 3876 437 3905 ‘
449 3875 554 3926 Archoo
574 3875 621 3938 as,'
632 3875 782 3940 Ἀρχωνίδας,
791 3874 931 3938 'Andriam
941 3887 991 3935 quo
1010 3869 1066 3935 pliu
1077 3876 1158 3925 semel

57 3939 224 4004 impegerunt
234 3939 343 3990 librarii.
373 3940 436 3990 Vid.
455 3941 596 3990 Valkeuar.
617 3941 650 3989 ad
667 3941 747 3990 schol.
769 3940 862 4001 Eurip.
881 3939 974 3988 Phoen.
991 3941 1064 3987 1386.
1081 3939 1158 3992 Both.

58 4004 102 4068 qui
114 4000 198 4054 verbs
208 4018 265 4067 sup.
276 4005 357 4055 citata
373 4007 505 4055 chremeti
518 4006 619 4068 tribuit,
631 4012 658 4054 et
670 4004 729 4053 iude
741 4004 787 4053 dat
797 4003 939 4052 Archelaide
955 4001 1050 4063 herines.
1067 4005 1159 4055 Arche·

57 4068 123 4117 ridie
162 4069 168 4081 '
218 4070 265 4119 Br.
282 4071 379 4132 Delph.
407 4067 439 4117 'rh
450 4074 473 4119 ts
484 4071 559 4121 abest
575 4071 621 4119 Br.
638 4070 716 4119 Bent.
732 4068 803 4118 Pe'rl.
814 4067 844 4117 Z.
861 4067 939 4117 Both.
967 4068 1040 4118 Dant
1056 4068 1158 4132 Bip.et

58 4133 129 4198 Deip
148 4135 223 4186 ehi
240 4134 294 4184 Pro
312 4147 374 4186 auat
391 4133 465 4188 Peri.
482 4134 560 4186 hahet
578 4143 658 4186 uuum.
691 4133 731 4185 Μ.
743 4130 839 4185 Boead.
860 4131 1028 4184 euocetur.
1046 4133 1079 4183 Ut
1095 4133 1157 4199 Syro
