<?xml version="1.0" encoding="UTF-8"?>
<!DOCTYPE html PUBLIC "-//W3C//DTD XHTML 1.0 Transitional//EN"
    "http://www.w3.org/TR/xhtml1/DTD/xhtml1-transitional.dtd">
<html xmlns="http://www.w3.org/1999/xhtml" xml:lang="en" lang="en">
 <head>
  <title>
</title>
<meta http-equiv="Content-Type" content="text/html;charset=utf-8" />
  <meta name='ocr-system' content='tesseract 3.04.00' />
  <meta name='ocr-capabilities' content='ocr_page ocr_carea ocr_par ocr_line ocrx_word'/>
</head>
<body>
  <div class='ocr_page' id='page_1' title='image "./comoedisex01westgoog_0072.png"; bbox 0 0 2678 4694; ppageno 0'>
   <div class='ocr_carea' id='block_1_1' title="bbox 10 3990 21 4024">
    <p class='ocr_par' dir='ltr' id='par_1_1' title="bbox 10 3990 21 4024">
     <span class='ocr_line' id='line_1_1' title="bbox 10 3990 21 4024; baseline 0 0"><span class='ocrx_word' id='word_1_1' title='bbox 10 3990 21 4024; x_wconf 85' lang='lat' dir='ltr'><strong>l·</strong></span> 
     </span>
    </p>
   </div>
   <div class='ocr_carea' id='block_1_2' title="bbox 320 281 1168 346">
    <p class='ocr_par' dir='ltr' id='par_1_2' title="bbox 320 281 1168 346">
     <span class='ocr_line' id='line_1_2' title="bbox 320 281 1168 346; baseline 0.001 -2"><span class='ocrx_word' id='word_1_2' title='bbox 320 295 637 344; x_wconf 78' lang='lat' dir='ltr'><strong>unaurouaruun.</strong></span> <span class='ocrx_word' id='word_1_3' title='bbox 660 294 745 344; x_wconf 73' lang='lat' dir='ltr'><strong>sor.</strong></span> <span class='ocrx_word' id='word_1_4' title='bbox 762 296 788 342; x_wconf 66' lang='grc' dir='ltr'><strong>ιι</strong></span> <span class='ocrx_word' id='word_1_5' title='bbox 811 295 862 344; x_wconf 90' lang='lat' dir='ltr'><strong>so.</strong></span> <span class='ocrx_word' id='word_1_6' title='bbox 881 297 922 346; x_wconf 83' lang='lat' dir='ltr'><strong>ri.</strong></span> <span class='ocrx_word' id='word_1_7' title='bbox 1102 281 1168 345; x_wconf 74' lang='grc'><strong>559</strong></span> 
     </span>
    </p>
   </div>
   <div class='ocr_carea' id='block_1_3' title="bbox 63 437 1166 1131">
    <p class='ocr_par' dir='ltr' id='par_1_3' title="bbox 67 437 934 524">
     <span class='ocr_line' id='line_1_3' title="bbox 67 437 934 524; baseline -0.007 -18"><span class='ocrx_word' id='word_1_8' title='bbox 67 443 278 524; x_wconf 74' lang='lat' dir='ltr'><strong>Miseretque</strong></span> <span class='ocrx_word' id='word_1_9' title='bbox 291 460 344 504; x_wconf 89' lang='lat' dir='ltr'><strong>me</strong></span> <span class='ocrx_word' id='word_1_10' title='bbox 361 439 448 523; x_wconf 74' lang='lat' dir='ltr'><strong>eius.</strong></span> <span class='ocrx_word' id='word_1_11' title='bbox 494 439 574 516; x_wconf 86' lang='lat' dir='ltr'><strong>Sed,</strong></span> <span class='ocrx_word' id='word_1_12' title='bbox 588 445 625 502; x_wconf 90' lang='lat' dir='ltr'><strong>nt</strong></span> <span class='ocrx_word' id='word_1_13' title='bbox 639 437 707 501; x_wconf 88' lang='lat' dir='ltr'><strong>diei</strong></span> <span class='ocrx_word' id='word_1_14' title='bbox 721 445 856 521; x_wconf 89' lang='lat' dir='ltr'><strong>tempus</strong></span> <span class='ocrx_word' id='word_1_15' title='bbox 872 445 934 514; x_wconf 88' lang='lat' dir='ltr'><strong>est,</strong></span> 
     </span>
    </p>

    <p class='ocr_par' dir='ltr' id='par_1_4' title="bbox 67 539 875 626">
     <span class='ocr_line' id='line_1_4' title="bbox 67 539 875 626; baseline -0.006 -19"><span class='ocrx_word' id='word_1_16' title='bbox 67 544 205 607; x_wconf 88' lang='lat' dir='ltr'><strong>Monere</strong></span> <span class='ocrx_word' id='word_1_17' title='bbox 221 547 356 626; x_wconf 83' lang='lat' dir='ltr'><strong>oportet</strong></span> <span class='ocrx_word' id='word_1_18' title='bbox 369 561 423 605; x_wconf 91' lang='lat' dir='ltr'><strong>me</strong></span> <span class='ocrx_word' id='word_1_19' title='bbox 439 540 524 604; x_wconf 88' lang='lat' dir='ltr'><strong>hunc</strong></span> <span class='ocrx_word' id='word_1_20' title='bbox 538 540 686 605; x_wconf 82' lang='lat' dir='ltr'><strong>vicinum</strong></span> <span class='ocrx_word' id='word_1_21' title='bbox 702 539 875 617; x_wconf 84' lang='lat' dir='ltr'><strong>Phaniam,</strong></span> 
     </span>
    </p>

    <p class='ocr_par' dir='ltr' id='par_1_5' title="bbox 64 640 928 720">
     <span class='ocr_line' id='line_1_5' title="bbox 64 640 928 720; baseline -0.005 -12"><span class='ocrx_word' id='word_1_22' title='bbox 64 644 123 708; x_wconf 86' lang='lat' dir='ltr'><strong>Ad</strong></span> <span class='ocrx_word' id='word_1_23' title='bbox 136 662 270 709; x_wconf 87' lang='lat' dir='ltr'><strong>coenam</strong></span> <span class='ocrx_word' id='word_1_24' title='bbox 285 650 325 707; x_wconf 86' lang='lat' dir='ltr'><strong>ut</strong></span> <span class='ocrx_word' id='word_1_25' title='bbox 336 643 460 708; x_wconf 85' lang='lat' dir='ltr'><strong>veniat.</strong></span> <span class='ocrx_word' id='word_1_26' title='bbox 503 641 577 720; x_wconf 91' lang='lat' dir='ltr'><strong>Ibo,</strong></span> <span class='ocrx_word' id='word_1_27' title='bbox 592 643 700 706; x_wconf 81' lang='lat' dir='ltr'><strong>visam</strong></span> <span class='ocrx_word' id='word_1_28' title='bbox 712 642 743 705; x_wconf 85' lang='lat' dir='ltr'><strong>si</strong></span> <span class='ocrx_word' id='word_1_29' title='bbox 758 640 850 705; x_wconf 90' lang='lat' dir='ltr'><strong>domi</strong></span> <span class='ocrx_word' id='word_1_30' title='bbox 865 644 928 705; x_wconf 85' lang='lat' dir='ltr'><strong>es&#39;t.</strong></span> 
     </span>
    </p>

    <p class='ocr_par' dir='ltr' id='par_1_6' title="bbox 65 742 858 826">
     <span class='ocr_line' id='line_1_6' title="bbox 65 742 858 826; baseline -0.005 -17"><span class='ocrx_word' id='word_1_31' title='bbox 65 746 161 809; x_wconf 92' lang='lat' dir='ltr'><strong>Nihil</strong></span> <span class='ocrx_word' id='word_1_32' title='bbox 176 763 264 826; x_wconf 88' lang='lat' dir='ltr'><strong>opus</strong></span> <span class='ocrx_word' id='word_1_33' title='bbox 278 743 342 808; x_wconf 84' lang='lat' dir='ltr'><strong>fuit</strong></span> <span class='ocrx_word' id='word_1_34' title='bbox 356 744 537 808; x_wconf 90' lang='lat' dir='ltr'><strong>monitore:</strong></span> <span class='ocrx_word' id='word_1_35' title='bbox 554 742 753 825; x_wconf 87' lang='lat' dir='ltr'><strong>jamdudum</strong></span> <span class='ocrx_word' id='word_1_36' title='bbox 767 742 858 807; x_wconf 88' lang='lat' dir='ltr'><strong>domi</strong></span> 
     </span>
    </p>

    <p class='ocr_par' dir='ltr' id='par_1_7' title="bbox 63 844 1166 1029">
     <span class='ocr_line' id='line_1_7' title="bbox 64 844 1166 929; baseline 0.002 -17"><span class='ocrx_word' id='word_1_37' title='bbox 64 849 200 912; x_wconf 89' lang='lat' dir='ltr'><strong>Praesto</strong></span> <span class='ocrx_word' id='word_1_38' title='bbox 216 846 308 929; x_wconf 89' lang='lat' dir='ltr'><strong>apud</strong></span> <span class='ocrx_word' id='word_1_39' title='bbox 322 865 375 909; x_wconf 89' lang='lat' dir='ltr'><strong>me</strong></span> <span class='ocrx_word' id='word_1_40' title='bbox 390 865 466 910; x_wconf 87' lang='lat' dir='ltr'><strong>esse</strong></span> <span class='ocrx_word' id='word_1_41' title='bbox 481 846 597 911; x_wconf 86' lang='lat' dir='ltr'><strong>aiunt:</strong></span> <span class='ocrx_word' id='word_1_42' title='bbox 619 848 749 927; x_wconf 78' lang='lat' dir='ltr'><strong>egomet</strong></span> <span class='ocrx_word' id='word_1_43' title='bbox 762 844 926 909; x_wconf 83' lang='lat' dir='ltr'><strong>convivas</strong></span> <span class='ocrx_word' id='word_1_44' title='bbox 940 863 1062 911; x_wconf 86' lang='lat' dir='ltr'><strong>moror.</strong></span> <span class='ocrx_word' id='word_1_45' title='bbox 1101 848 1166 914; x_wconf 75' lang='lat' dir='ltr'><strong>lat</strong></span> 
     </span>
     <span class='ocr_line' id='line_1_8' title="bbox 63 945 944 1029; baseline -0.003 -17"><span class='ocrx_word' id='word_1_46' title='bbox 63 949 129 1012; x_wconf 91' lang='lat' dir='ltr'><strong>lbo</strong></span> <span class='ocrx_word' id='word_1_47' title='bbox 140 945 228 1011; x_wconf 88' lang='lat' dir='ltr'><strong>adeo</strong></span> <span class='ocrx_word' id='word_1_48' title='bbox 240 946 319 1013; x_wconf 87' lang='lat' dir='ltr'><strong>irino</strong></span> <span class='ocrx_word' id='word_1_49' title='bbox 333 945 441 1010; x_wconf 86' lang='lat' dir='ltr'><strong>intro:</strong></span> <span class='ocrx_word' id='word_1_50' title='bbox 465 945 528 1010; x_wconf 89' lang='lat' dir='ltr'><strong>sed</strong></span> <span class='ocrx_word' id='word_1_51' title='bbox 543 945 624 1028; x_wconf 91' lang='lat' dir='ltr'><strong>quid</strong></span> <span class='ocrx_word' id='word_1_52' title='bbox 640 952 840 1029; x_wconf 83' lang='lat' dir='ltr'><strong>crepuerunt</strong></span> <span class='ocrx_word' id='word_1_53' title='bbox 854 946 944 1010; x_wconf 82' lang='lat' dir='ltr'><strong>tores</strong></span> 
     </span>
    </p>

    <p class='ocr_par' dir='ltr' id='par_1_8' title="bbox 63 1048 982 1131">
     <span class='ocr_line' id='line_1_9' title="bbox 63 1048 982 1131; baseline -0.003 -17"><span class='ocrx_word' id='word_1_54' title='bbox 63 1049 158 1114; x_wconf 84' lang='lat' dir='ltr'><strong>Hinc</strong></span> <span class='ocrx_word' id='word_1_55' title='bbox 175 1049 286 1111; x_wconf 86' lang='lat' dir='ltr'><strong>amel</strong></span> <span class='ocrx_word' id='word_1_56' title='bbox 309 1048 461 1131; x_wconf 88' lang='lat' dir='ltr'><strong>quisnam</strong></span> <span class='ocrx_word' id='word_1_57' title='bbox 477 1048 664 1130; x_wconf 84' lang='lat' dir='ltr'><strong>egredituri</strong></span> <span class='ocrx_word' id='word_1_58' title='bbox 687 1048 752 1112; x_wconf 89' lang='lat' dir='ltr'><strong>hnc</strong></span> <span class='ocrx_word' id='word_1_59' title='bbox 767 1065 982 1112; x_wconf 85' lang='lat' dir='ltr'><strong>conoessero.</strong></span> 
     </span>
    </p>
   </div>
   <div class='ocr_carea' id='block_1_4' title="bbox 59 1261 1163 1646">
    <p class='ocr_par' dir='ltr' id='par_1_9' title="bbox 59 1261 1163 1646">
     <span class='ocr_line' id='line_1_10' title="bbox 61 1261 1161 1330; baseline 0.005 -20"><span class='ocrx_word' id='word_1_60' title='bbox 61 1261 999 1329; x_wconf 64' lang='lat' dir='ltr'><strong>Melouymarieoi&#39;git,etqiasooldersisereor;omm,dmsdtsediqrid</strong></span> <span class='ocrx_word' id='word_1_61' title='bbox 1014 1265 1063 1314; x_wconf 81' lang='lat' dir='ltr'><strong>diei</strong></span> <span class='ocrx_word' id='word_1_62' title='bbox 1079 1280 1161 1330; x_wconf 82' lang='lat' dir='ltr'><strong>super·</strong></span> 
     </span>
     <span class='ocr_line' id='line_1_11' title="bbox 60 1328 1163 1391; baseline 0.003 -16"><span class='ocrx_word' id='word_1_63' title='bbox 60 1333 106 1389; x_wconf 87' lang='lat' dir='ltr'><strong>est,</strong></span> <span class='ocrx_word' id='word_1_64' title='bbox 117 1331 209 1390; x_wconf 78' lang='lat' dir='ltr'><strong>oportet</strong></span> <span class='ocrx_word' id='word_1_65' title='bbox 216 1342 255 1376; x_wconf 86' lang='lat' dir='ltr'><strong>me</strong></span> <span class='ocrx_word' id='word_1_66' title='bbox 265 1330 386 1378; x_wconf 76' lang='lat' dir='ltr'><strong>odmom</strong></span> <span class='ocrx_word' id='word_1_67' title='bbox 397 1328 457 1379; x_wconf 73' lang='lat' dir='ltr'><strong>lario</strong></span> <span class='ocrx_word' id='word_1_68' title='bbox 471 1329 574 1378; x_wconf 70' lang='lat' dir='ltr'><strong>uiolasse</strong></span> <span class='ocrx_word' id='word_1_69' title='bbox 584 1329 712 1389; x_wconf 71' lang='lat' dir='ltr'><strong>Pinariam,</strong></span> <span class='ocrx_word' id='word_1_70' title='bbox 726 1334 754 1377; x_wconf 86' lang='lat' dir='ltr'><strong>ut</strong></span> <span class='ocrx_word' id='word_1_71' title='bbox 764 1329 843 1378; x_wconf 84' lang='lat' dir='ltr'><strong>oeaiot</strong></span> <span class='ocrx_word' id='word_1_72' title='bbox 852 1331 884 1378; x_wconf 86' lang='lat' dir='ltr'><strong>od</strong></span> <span class='ocrx_word' id='word_1_73' title='bbox 894 1344 990 1380; x_wconf 70' lang='lat' dir='ltr'><strong>masos</strong></span> <span class='ocrx_word' id='word_1_74' title='bbox 1022 1331 1066 1381; x_wconf 64' lang='lat' dir='ltr'><strong>rto</strong></span> <span class='ocrx_word' id='word_1_75' title='bbox 1074 1332 1163 1391; x_wconf 73' lang='lat' dir='ltr'><strong>visast,</strong></span> 
     </span>
     <span class='ocr_line' id='line_1_12' title="bbox 60 1391 1163 1455; baseline 0.005 -17"><span class='ocrx_word' id='word_1_76' title='bbox 60 1391 82 1437; x_wconf 84' lang='lat' dir='ltr'><strong>si</strong></span> <span class='ocrx_word' id='word_1_77' title='bbox 97 1395 135 1439; x_wconf 84' lang='lat' dir='ltr'><strong>est</strong></span> <span class='ocrx_word' id='word_1_78' title='bbox 151 1391 224 1440; x_wconf 80' lang='lat' dir='ltr'><strong>doori.</strong></span> <span class='ocrx_word' id='word_1_79' title='bbox 258 1391 330 1440; x_wconf 81' lang='lat' dir='ltr'><strong>Nlltil</strong></span> <span class='ocrx_word' id='word_1_80' title='bbox 344 1393 463 1455; x_wconf 70' lang='lat' dir='ltr'><strong>opressit</strong></span> <span class='ocrx_word' id='word_1_81' title='bbox 477 1395 513 1441; x_wconf 79' lang='lat' dir='ltr'><strong>od&#39;</strong></span> <span class='ocrx_word' id='word_1_82' title='bbox 524 1408 612 1442; x_wconf 78' lang='lat' dir='ltr'><strong>ooenom</strong></span> <span class='ocrx_word' id='word_1_83' title='bbox 626 1398 740 1442; x_wconf 71' lang='lat' dir='ltr'><strong>aaaron.</strong></span> <span class='ocrx_word' id='word_1_84' title='bbox 773 1391 866 1442; x_wconf 81' lang='lat' dir='ltr'><strong>Distat</strong></span> <span class='ocrx_word' id='word_1_85' title='bbox 875 1408 927 1441; x_wconf 79' lang='lat' dir='ltr'><strong>eum</strong></span> <span class='ocrx_word' id='word_1_86' title='bbox 938 1395 1163 1455; x_wconf 79' lang='lat' dir='ltr'><strong>odessejuordsdam</strong></span> 
     </span>
     <span class='ocr_line' id='line_1_13' title="bbox 60 1456 1160 1518; baseline 0.006 -17"><span class='ocrx_word' id='word_1_87' title='bbox 60 1456 124 1502; x_wconf 82' lang='lat' dir='ltr'><strong>dorai</strong></span> <span class='ocrx_word' id='word_1_88' title='bbox 134 1459 199 1518; x_wconf 80' lang='lat' dir='ltr'><strong>opud</strong></span> <span class='ocrx_word' id='word_1_89' title='bbox 212 1471 258 1506; x_wconf 85' lang='lat' dir='ltr'><strong>ore.</strong></span> <span class='ocrx_word' id='word_1_90' title='bbox 292 1458 425 1518; x_wconf 72' lang='lat' dir='ltr'><strong>Egontetia</strong></span> <span class='ocrx_word' id='word_1_91' title='bbox 436 1472 500 1506; x_wconf 84' lang='lat' dir='ltr'><strong>mora</strong></span> <span class='ocrx_word' id='word_1_92' title='bbox 511 1473 563 1506; x_wconf 83' lang='lat' dir='ltr'><strong>sum</strong></span> <span class='ocrx_word' id='word_1_93' title='bbox 573 1458 676 1505; x_wconf 69' lang='lat' dir='ltr'><strong>conum</strong></span> <span class='ocrx_word' id='word_1_94' title='bbox 686 1457 727 1517; x_wconf 82' lang='lat' dir='ltr'><strong>iis,</strong></span> <span class='ocrx_word' id='word_1_95' title='bbox 738 1457 778 1518; x_wconf 83' lang='lat' dir='ltr'><strong>qro&#39;</strong></span> <span class='ocrx_word' id='word_1_96' title='bbox 789 1458 820 1505; x_wconf 85' lang='lat' dir='ltr'><strong>od</strong></span> <span class='ocrx_word' id='word_1_97' title='bbox 833 1472 921 1505; x_wconf 73' lang='lat' dir='ltr'><strong>amara</strong></span> <span class='ocrx_word' id='word_1_98' title='bbox 934 1460 1084 1507; x_wconf 67' lang='lat' dir='ltr'><strong>eumerus.</strong></span> <span class='ocrx_word' id='word_1_99' title='bbox 1118 1459 1160 1508; x_wconf 81' lang='lat' dir='ltr'><strong>lto</strong></span> 
     </span>
     <span class='ocr_line' id='line_1_14' title="bbox 59 1518 1161 1586; baseline 0.005 -18"><span class='ocrx_word' id='word_1_100' title='bbox 59 1519 115 1568; x_wconf 78' lang='lat' dir='ltr'><strong>tiae</strong></span> <span class='ocrx_word' id='word_1_101' title='bbox 130 1519 195 1569; x_wconf 80' lang='lat' dir='ltr'><strong>iutro</strong></span> <span class='ocrx_word' id='word_1_102' title='bbox 210 1523 318 1569; x_wconf 79' lang='lat' dir='ltr'><strong>domum:</strong></span> <span class='ocrx_word' id='word_1_103' title='bbox 333 1523 376 1569; x_wconf 89' lang='lat' dir='ltr'><strong>sed</strong></span> <span class='ocrx_word' id='word_1_104' title='bbox 393 1521 450 1584; x_wconf 78' lang='lat' dir='ltr'><strong>quid</strong></span> <span class='ocrx_word' id='word_1_105' title='bbox 459 1521 544 1586; x_wconf 56' lang='lat' dir='ltr'><strong>josua</strong></span> <span class='ocrx_word' id='word_1_106' title='bbox 561 1527 584 1569; x_wconf 83' lang='lat' dir='ltr'><strong>et</strong></span> <span class='ocrx_word' id='word_1_107' title='bbox 601 1537 617 1570; x_wconf 86' lang='lat' dir='ltr'><strong>o</strong></span> <span class='ocrx_word' id='word_1_108' title='bbox 630 1537 674 1585; x_wconf 81' lang='lat' dir='ltr'><strong>quo</strong></span> <span class='ocrx_word' id='word_1_109' title='bbox 692 1520 810 1583; x_wconf 50' lang='lat' dir='ltr'><strong>operante</strong></span> <span class='ocrx_word' id='word_1_110' title='bbox 824 1518 926 1570; x_wconf 65' lang='lat' dir='ltr'><strong>sudo?</strong></span> <span class='ocrx_word' id='word_1_111' title='bbox 943 1523 996 1586; x_wconf 78' lang='lat' dir='ltr'><strong>qais</strong></span> <span class='ocrx_word' id='word_1_112' title='bbox 1005 1523 1082 1573; x_wconf 79' lang='lat' dir='ltr'><strong>exite</strong></span> <span class='ocrx_word' id='word_1_113' title='bbox 1093 1525 1161 1573; x_wconf 78' lang='lat' dir='ltr'><strong>doato</strong></span> 
     </span>
     <span class='ocr_line' id='line_1_15' title="bbox 60 1584 518 1646; baseline 0.011 -14"><span class='ocrx_word' id='word_1_114' title='bbox 60 1587 128 1632; x_wconf 80' lang='lat' dir='ltr'><strong>mast</strong></span> <span class='ocrx_word' id='word_1_115' title='bbox 144 1584 203 1634; x_wconf 79' lang='lat' dir='ltr'><strong>Hae</strong></span> <span class='ocrx_word' id='word_1_116' title='bbox 212 1585 277 1634; x_wconf 76' lang='lat' dir='ltr'><strong>tetro</strong></span> <span class='ocrx_word' id='word_1_117' title='bbox 287 1599 323 1635; x_wconf 80' lang='lat' dir='ltr'><strong>rire</strong></span> <span class='ocrx_word' id='word_1_118' title='bbox 333 1585 456 1646; x_wconf 66' lang='lat' dir='ltr'><strong>masma.</strong></span> <span class='ocrx_word' id='word_1_119' title='bbox 516 1590 518 1597; x_wconf 70' lang='lat'><em>‘</em></span> 
     </span>
    </p>
   </div>
   <div class='ocr_carea' id='block_1_5' title="bbox 510 1743 693 1764">
    <p class='ocr_par' dir='ltr' id='par_1_10' title="bbox 510 1743 693 1764">
     <span class='ocr_line' id='line_1_16' title="bbox 510 1743 693 1764; baseline 0 -2"><span class='ocrx_word' id='word_1_120' title='bbox 510 1743 693 1764; x_wconf 58' lang='lat' dir='ltr'><strong>om</strong></span> 
     </span>
    </p>
   </div>
   <div class='ocr_carea' id='block_1_6' title="bbox 53 1855 1160 3135">
    <p class='ocr_par' dir='ltr' id='par_1_11' title="bbox 53 1855 1160 3135">
     <span class='ocr_line' id='line_1_17' title="bbox 59 1855 1160 1922; baseline 0.005 -17"><span class='ocrx_word' id='word_1_121' title='bbox 59 1861 106 1905; x_wconf 83' lang='lat' dir='ltr'><strong>iro</strong></span> <span class='ocrx_word' id='word_1_122' title='bbox 124 1857 191 1906; x_wconf 82' lang='lat' dir='ltr'><strong>Mas.</strong></span> <span class='ocrx_word' id='word_1_123' title='bbox 202 1855 323 1919; x_wconf 81' lang='lat' dir='ltr'><strong>quidam:</strong></span> <span class='ocrx_word' id='word_1_124' title='bbox 340 1858 397 1917; x_wconf 84' lang='lat' dir='ltr'><strong>Sed,</strong></span> <span class='ocrx_word' id='word_1_125' title='bbox 407 1863 435 1906; x_wconf 84' lang='lat' dir='ltr'><strong>at</strong></span> <span class='ocrx_word' id='word_1_126' title='bbox 444 1858 506 1915; x_wconf 79' lang='lat' dir='ltr'><strong>dixi,</strong></span> <span class='ocrx_word' id='word_1_127' title='bbox 522 1864 611 1922; x_wconf 79' lang='lat' dir='ltr'><strong>tempor</strong></span> <span class='ocrx_word' id='word_1_128' title='bbox 621 1864 673 1908; x_wconf 77' lang='lat' dir='ltr'><strong>ert:</strong></span> <span class='ocrx_word' id='word_1_129' title='bbox 688 1857 763 1910; x_wconf 86' lang='lat' dir='ltr'><strong>male.</strong></span> <span class='ocrx_word' id='word_1_130' title='bbox 794 1858 856 1909; x_wconf 86' lang='lat' dir='ltr'><strong>Vid.</strong></span> <span class='ocrx_word' id='word_1_131' title='bbox 868 1857 914 1907; x_wconf 87' lang='lat' dir='ltr'><strong>iul&#39;.</strong></span> <span class='ocrx_word' id='word_1_132' title='bbox 926 1872 945 1910; x_wconf 89' lang='lat' dir='ltr'><strong>r.</strong></span> <span class='ocrx_word' id='word_1_133' title='bbox 958 1863 984 1909; x_wconf 70' lang='lat'><strong>2.</strong></span> <span class='ocrx_word' id='word_1_134' title='bbox 995 1863 1036 1908; x_wconf 74' lang='lat'><strong>88.</strong></span> <span class='ocrx_word' id='word_1_135' title='bbox 1053 1862 1160 1911; x_wconf 57' lang='lat' dir='ltr'><strong>Weste-</strong></span> 
     </span>
     <span class='ocr_line' id='line_1_18' title="bbox 59 1920 1159 1985; baseline 0.005 -16"><span class='ocrx_word' id='word_1_136' title='bbox 59 1926 104 1970; x_wconf 84' lang='grc'><strong>117</strong></span> <span class='ocrx_word' id='word_1_137' title='bbox 124 1920 200 1971; x_wconf 84' lang='lat' dir='ltr'><strong>Quod</strong></span> <span class='ocrx_word' id='word_1_138' title='bbox 213 1926 323 1971; x_wconf 81' lang='lat' dir='ltr'><strong>testatus</strong></span> <span class='ocrx_word' id='word_1_139' title='bbox 334 1929 374 1970; x_wconf 89' lang='lat' dir='ltr'><strong>est</strong></span> <span class='ocrx_word' id='word_1_140' title='bbox 386 1923 601 1984; x_wconf 78' lang='lat' dir='ltr'><strong>Lindenbrogius,</strong></span> <span class='ocrx_word' id='word_1_141' title='bbox 618 1922 666 1971; x_wconf 72' lang='grc' dir='ltr'><strong>ίτὸ</strong></span> <span class='ocrx_word' id='word_1_142' title='bbox 680 1927 768 1985; x_wconf 81' lang='lat' dir='ltr'><strong>oportet</strong></span> <span class='ocrx_word' id='word_1_143' title='bbox 789 1922 815 1970; x_wconf 91' lang='lat' dir='ltr'><strong>in</strong></span> <span class='ocrx_word' id='word_1_144' title='bbox 834 1923 951 1971; x_wconf 87' lang='lat' dir='ltr'><strong>omnibus</strong></span> <span class='ocrx_word' id='word_1_145' title='bbox 971 1926 1102 1974; x_wconf 84' lang='lat' dir='ltr'><strong>veteribus</strong></span> <span class='ocrx_word' id='word_1_146' title='bbox 1117 1927 1159 1974; x_wconf 88' lang='lat' dir='ltr'><strong>Li·</strong></span> 
     </span>
     <span class='ocr_line' id='line_1_19' title="bbox 58 1984 1159 2053; baseline 0.005 -20"><span class='ocrx_word' id='word_1_147' title='bbox 58 1985 110 2034; x_wconf 90' lang='lat' dir='ltr'><strong>bris</strong></span> <span class='ocrx_word' id='word_1_148' title='bbox 134 1986 225 2033; x_wconf 84' lang='lat' dir='ltr'><strong>deesse</strong></span> <span class='ocrx_word' id='word_1_149' title='bbox 232 1984 249 2044; x_wconf 76' lang='grc' dir='ltr'><strong>ς’</strong></span> <span class='ocrx_word' id='word_1_150' title='bbox 266 1985 332 2033; x_wconf 89' lang='lat' dir='ltr'><strong>idem</strong></span> <span class='ocrx_word' id='word_1_151' title='bbox 345 2000 393 2048; x_wconf 83' lang='lat' dir='ltr'><strong>ego</strong></span> <span class='ocrx_word' id='word_1_152' title='bbox 405 1986 437 2034; x_wconf 90' lang='lat' dir='ltr'><strong>de</strong></span> <span class='ocrx_word' id='word_1_153' title='bbox 448 1988 542 2035; x_wconf 89' lang='lat' dir='ltr'><strong>nostris</strong></span> <span class='ocrx_word' id='word_1_154' title='bbox 558 1992 648 2048; x_wconf 85' lang='lat' dir='ltr'><strong>testor,</strong></span> <span class='ocrx_word' id='word_1_155' title='bbox 659 1986 691 2034; x_wconf 85' lang='lat' dir='ltr'><strong>ab</strong></span> <span class='ocrx_word' id='word_1_156' title='bbox 703 1986 820 2035; x_wconf 84' lang='lat' dir='ltr'><strong>omnibus</strong></span> <span class='ocrx_word' id='word_1_157' title='bbox 832 1987 857 2034; x_wconf 89' lang='lat' dir='ltr'><strong>id</strong></span> <span class='ocrx_word' id='word_1_158' title='bbox 870 1987 972 2050; x_wconf 86' lang='lat' dir='ltr'><strong>abesse,</strong></span> <span class='ocrx_word' id='word_1_159' title='bbox 984 1996 1159 2053; x_wconf 81' lang='lat' dir='ltr'><strong>praeterquam</strong></span> 
     </span>
     <span class='ocr_line' id='line_1_20' title="bbox 57 2049 1159 2113; baseline 0.004 -15"><span class='ocrx_word' id='word_1_160' title='bbox 57 2049 159 2098; x_wconf 83' lang='lat' dir='ltr'><strong>duobus</strong></span> <span class='ocrx_word' id='word_1_161' title='bbox 171 2062 206 2097; x_wconf 79' lang='lat' dir='ltr'><strong>ea</strong></span> <span class='ocrx_word' id='word_1_162' title='bbox 218 2049 412 2110; x_wconf 68' lang='lat' dir='ltr'><strong>recentissimis,</strong></span> <span class='ocrx_word' id='word_1_163' title='bbox 428 2051 471 2113; x_wconf 84' lang='lat' dir='ltr'><strong>qui</strong></span> <span class='ocrx_word' id='word_1_164' title='bbox 483 2051 583 2100; x_wconf 82' lang='lat' dir='ltr'><strong>Moriere</strong></span> <span class='ocrx_word' id='word_1_165' title='bbox 597 2066 633 2099; x_wconf 83' lang='lat' dir='ltr'><strong>me</strong></span> <span class='ocrx_word' id='word_1_166' title='bbox 650 2056 741 2112; x_wconf 82' lang='lat' dir='ltr'><strong>oportet</strong></span> <span class='ocrx_word' id='word_1_167' title='bbox 751 2051 857 2098; x_wconf 81' lang='lat' dir='ltr'><strong>liabent.</strong></span> <span class='ocrx_word' id='word_1_168' title='bbox 890 2051 966 2099; x_wconf 80' lang='lat' dir='ltr'><strong>Unde</strong></span> <span class='ocrx_word' id='word_1_169' title='bbox 978 2052 1026 2101; x_wconf 87' lang='lat' dir='ltr'><strong>hos</strong></span> <span class='ocrx_word' id='word_1_170' title='bbox 1039 2054 1159 2102; x_wconf 84' lang='lat' dir='ltr'><strong>evenisse</strong></span> 
     </span>
     <span class='ocr_line' id='line_1_21' title="bbox 57 2112 1159 2178; baseline 0.005 -18"><span class='ocrx_word' id='word_1_171' title='bbox 57 2114 146 2162; x_wconf 82' lang='lat' dir='ltr'><strong>dicas?</strong></span> <span class='ocrx_word' id='word_1_172' title='bbox 163 2112 213 2163; x_wconf 87' lang='lat' dir='ltr'><strong>rrisi</strong></span> <span class='ocrx_word' id='word_1_173' title='bbox 224 2113 363 2177; x_wconf 87' lang='lat' dir='ltr'><strong>qnodolim</strong></span> <span class='ocrx_word' id='word_1_174' title='bbox 376 2115 482 2163; x_wconf 79' lang='lat' dir='ltr'><strong>verbum</strong></span> <span class='ocrx_word' id='word_1_175' title='bbox 502 2115 606 2178; x_wconf 81' lang='lat' dir='ltr'><strong>aliquod</strong></span> <span class='ocrx_word' id='word_1_176' title='bbox 622 2116 680 2163; x_wconf 79' lang='lat' dir='ltr'><strong>liius</strong></span> <span class='ocrx_word' id='word_1_177' title='bbox 696 2114 840 2174; x_wconf 77' lang='lat' dir='ltr'><strong>exciderit3</strong></span> <span class='ocrx_word' id='word_1_178' title='bbox 857 2115 926 2177; x_wconf 91' lang='lat' dir='ltr'><strong>qood</strong></span> <span class='ocrx_word' id='word_1_179' title='bbox 943 2129 1011 2164; x_wconf 85' lang='lat' dir='ltr'><strong>uuus</strong></span> <span class='ocrx_word' id='word_1_180' title='bbox 1028 2130 1082 2165; x_wconf 78' lang='lat' dir='ltr'><strong>sura</strong></span> <span class='ocrx_word' id='word_1_181' title='bbox 1103 2117 1159 2166; x_wconf 89' lang='lat' dir='ltr'><strong>sedi</strong></span> 
     </span>
     <span class='ocr_line' id='line_1_22' title="bbox 57 2177 1157 2241; baseline 0.004 -15"><span class='ocrx_word' id='word_1_182' title='bbox 57 2179 184 2226; x_wconf 78' lang='lat' dir='ltr'><strong>restituo:</strong></span> <span class='ocrx_word' id='word_1_183' title='bbox 202 2177 248 2227; x_wconf 74' lang='lat' dir='ltr'><strong>Set</strong></span> <span class='ocrx_word' id='word_1_184' title='bbox 265 2184 292 2226; x_wconf 80' lang='lat' dir='ltr'><strong>at</strong></span> <span class='ocrx_word' id='word_1_185' title='bbox 310 2179 360 2227; x_wconf 79' lang='lat' dir='ltr'><strong>diei</strong></span> <span class='ocrx_word' id='word_1_186' title='bbox 379 2183 469 2240; x_wconf 85' lang='lat' dir='ltr'><strong>tempus</strong></span> <span class='ocrx_word' id='word_1_187' title='bbox 488 2183 532 2240; x_wconf 89' lang='lat' dir='ltr'><strong>est,</strong></span> <span class='ocrx_word' id='word_1_188' title='bbox 552 2180 660 2241; x_wconf 80' lang='lat' dir='ltr'><strong>Tempust</strong></span> <span class='ocrx_word' id='word_1_189' title='bbox 671 2193 765 2227; x_wconf 70' lang='lat' dir='ltr'><strong>mosera</strong></span> <span class='ocrx_word' id='word_1_190' title='bbox 783 2193 819 2226; x_wconf 85' lang='lat' dir='ltr'><strong>me</strong></span> <span class='ocrx_word' id='word_1_191' title='bbox 835 2179 897 2226; x_wconf 79' lang='lat' dir='ltr'><strong>harro</strong></span> <span class='ocrx_word' id='word_1_192' title='bbox 916 2178 1018 2226; x_wconf 68' lang='lat' dir='ltr'><strong>oldam</strong></span> <span class='ocrx_word' id='word_1_193' title='bbox 1031 2181 1157 2230; x_wconf 71' lang='lat' dir='ltr'><strong>Phariam.</strong></span> 
     </span>
     <span class='ocr_line' id='line_1_23' title="bbox 57 2241 1158 2306; baseline 0.003 -16"><span class='ocrx_word' id='word_1_194' title='bbox 57 2244 63 2269; x_wconf 87' lang='lat'>‘</span> <span class='ocrx_word' id='word_1_195' title='bbox 75 2243 192 2306; x_wconf 83' lang='lat' dir='ltr'><strong>Tempus</strong></span> <span class='ocrx_word' id='word_1_196' title='bbox 204 2241 383 2291; x_wconf 68' lang='lat' dir='ltr'><strong>artmannus?</strong></span> <span class='ocrx_word' id='word_1_197' title='bbox 394 2250 424 2291; x_wconf 87' lang='lat' dir='ltr'><strong>nt</strong></span> <span class='ocrx_word' id='word_1_198' title='bbox 436 2243 502 2292; x_wconf 83' lang='lat' dir='ltr'><strong>Hes.</strong></span> <span class='ocrx_word' id='word_1_199' title='bbox 515 2256 555 2293; x_wconf 79' lang='grc' dir='ltr'><strong>ιν.</strong></span> <span class='ocrx_word' id='word_1_200' title='bbox 563 2248 587 2293; x_wconf 74' lang='lat'><strong>2.</strong></span> <span class='ocrx_word' id='word_1_201' title='bbox 599 2248 640 2292; x_wconf 80' lang='lat' dir='ltr'><strong>al.</strong></span> <span class='ocrx_word' id='word_1_202' title='bbox 657 2244 788 2304; x_wconf 81' lang='lat' dir='ltr'><strong>‘Tempus</strong></span> <span class='ocrx_word' id='word_1_203' title='bbox 800 2249 841 2290; x_wconf 89' lang='lat' dir='ltr'><strong>est</strong></span> <span class='ocrx_word' id='word_1_204' title='bbox 853 2243 1014 2291; x_wconf 72' lang='lat' dir='ltr'><strong>concedere!</strong></span> <span class='ocrx_word' id='word_1_205' title='bbox 1048 2245 1089 2293; x_wconf 81' lang='lat' dir='ltr'><strong>Ex</strong></span> <span class='ocrx_word' id='word_1_206' title='bbox 1102 2260 1158 2293; x_wconf 81' lang='lat' dir='ltr'><strong>rer-</strong></span> 
     </span>
     <span class='ocr_line' id='line_1_24' title="bbox 57 2305 1160 2368; baseline 0.005 -15"><span class='ocrx_word' id='word_1_207' title='bbox 57 2306 94 2355; x_wconf 90' lang='lat' dir='ltr'><strong>bis</strong></span> <span class='ocrx_word' id='word_1_208' title='bbox 106 2305 211 2354; x_wconf 85' lang='lat' dir='ltr'><strong>duobus</strong></span> <span class='ocrx_word' id='word_1_209' title='bbox 222 2306 352 2355; x_wconf 83' lang='lat' dir='ltr'><strong>continuis</strong></span> <span class='ocrx_word' id='word_1_210' title='bbox 367 2308 518 2356; x_wconf 85' lang='lat' dir='ltr'><strong>alterutrum</strong></span> <span class='ocrx_word' id='word_1_211' title='bbox 535 2307 668 2368; x_wconf 77' lang='lat' dir='ltr'><strong>excidere,</strong></span> <span class='ocrx_word' id='word_1_212' title='bbox 681 2308 787 2356; x_wconf 84' lang='lat' dir='ltr'><strong>solenne</strong></span> <span class='ocrx_word' id='word_1_213' title='bbox 798 2314 848 2355; x_wconf 83' lang='lat' dir='ltr'><strong>est.</strong></span> <span class='ocrx_word' id='word_1_214' title='bbox 865 2307 939 2355; x_wconf 82' lang='lat' dir='ltr'><strong>Beat.</strong></span> <span class='ocrx_word' id='word_1_215' title='bbox 974 2307 1075 2368; x_wconf 84' lang='lat' dir='ltr'><strong>Oportet</strong></span> <span class='ocrx_word' id='word_1_216' title='bbox 1085 2309 1160 2360; x_wconf 87' lang='lat' dir='ltr'><strong>abest</strong></span> 
     </span>
     <span class='ocr_line' id='line_1_25' title="bbox 56 2370 1157 2433; baseline 0.005 -15"><span class='ocrx_word' id='word_1_217' title='bbox 56 2371 186 2420; x_wconf 56' lang='lat' dir='ltr'><strong>lire-118</strong></span> <span class='ocrx_word' id='word_1_218' title='bbox 202 2370 247 2418; x_wconf 81' lang='lat' dir='ltr'><strong>lto</strong></span> <span class='ocrx_word' id='word_1_219' title='bbox 268 2375 296 2418; x_wconf 86' lang='lat' dir='ltr'><strong>ut</strong></span> <span class='ocrx_word' id='word_1_220' title='bbox 315 2371 399 2421; x_wconf 65' lang='lat' dir='ltr'><strong>ouum.</strong></span> <span class='ocrx_word' id='word_1_221' title='bbox 434 2372 473 2419; x_wconf 84' lang='lat' dir='ltr'><strong>Ex</strong></span> <span class='ocrx_word' id='word_1_222' title='bbox 497 2370 546 2420; x_wconf 89' lang='lat' dir='ltr'><strong>fide</strong></span> <span class='ocrx_word' id='word_1_223' title='bbox 569 2372 681 2421; x_wconf 80' lang='lat' dir='ltr'><strong>orantum</strong></span> <span class='ocrx_word' id='word_1_224' title='bbox 704 2372 721 2420; x_wconf 90' lang='lat' dir='ltr'><strong>l.</strong></span> <span class='ocrx_word' id='word_1_225' title='bbox 742 2387 762 2419; x_wconf 87' lang='lat' dir='ltr'><strong>s.</strong></span> <span class='ocrx_word' id='word_1_226' title='bbox 785 2372 860 2420; x_wconf 81' lang='lat' dir='ltr'><strong>deleo</strong></span> <span class='ocrx_word' id='word_1_227' title='bbox 880 2372 1032 2433; x_wconf 80' lang='lat' dir='ltr'><strong>particulam</strong></span> <span class='ocrx_word' id='word_1_228' title='bbox 1049 2379 1085 2422; x_wconf 82' lang='lat' dir='ltr'><strong>ot.</strong></span> <span class='ocrx_word' id='word_1_229' title='bbox 1111 2375 1157 2424; x_wconf 81' lang='lat' dir='ltr'><strong>Fa.</strong></span> 
     </span>
     <span class='ocr_line' id='line_1_26' title="bbox 55 2433 1158 2498; baseline 0.003 -13"><span class='ocrx_word' id='word_1_230' title='bbox 55 2433 167 2485; x_wconf 85' lang='lat' dir='ltr'><strong>‘Nostri</strong></span> <span class='ocrx_word' id='word_1_231' title='bbox 187 2441 283 2495; x_wconf 87' lang='lat' dir='ltr'><strong>tamen,</strong></span> <span class='ocrx_word' id='word_1_232' title='bbox 302 2434 395 2483; x_wconf 81' lang='lat' dir='ltr'><strong>demtis</strong></span> <span class='ocrx_word' id='word_1_233' title='bbox 416 2443 536 2498; x_wconf 88' lang='lat' dir='ltr'><strong>quatuor,</strong></span> <span class='ocrx_word' id='word_1_234' title='bbox 558 2450 645 2484; x_wconf 85' lang='lat' dir='ltr'><strong>omnes</strong></span> <span class='ocrx_word' id='word_1_235' title='bbox 664 2441 691 2484; x_wconf 85' lang='lat' dir='ltr'><strong>ot</strong></span> <span class='ocrx_word' id='word_1_236' title='bbox 709 2435 822 2497; x_wconf 86' lang='lat' dir='ltr'><strong>habent;</strong></span> <span class='ocrx_word' id='word_1_237' title='bbox 838 2435 886 2484; x_wconf 88' lang='lat' dir='ltr'><strong>uisi</strong></span> <span class='ocrx_word' id='word_1_238' title='bbox 918 2436 967 2484; x_wconf 90' lang='lat' dir='ltr'><strong>uod</strong></span> <span class='ocrx_word' id='word_1_239' title='bbox 979 2450 1011 2484; x_wconf 85' lang='lat' dir='ltr'><strong>ex</strong></span> <span class='ocrx_word' id='word_1_240' title='bbox 1028 2437 1158 2488; x_wconf 82' lang='lat' dir='ltr'><strong>Medianit</strong></span> 
     </span>
     <span class='ocr_line' id='line_1_27' title="bbox 57 2498 1158 2559; baseline 0.005 -13"><span class='ocrx_word' id='word_1_241' title='bbox 57 2500 139 2559; x_wconf 74' lang='lat' dir='ltr'><strong>alter,</strong></span> <span class='ocrx_word' id='word_1_242' title='bbox 148 2498 189 2547; x_wconf 75' lang='lat' dir='ltr'><strong>iio</strong></span> <span class='ocrx_word' id='word_1_243' title='bbox 206 2503 232 2546; x_wconf 89' lang='lat' dir='ltr'><strong>et</strong></span> <span class='ocrx_word' id='word_1_244' title='bbox 241 2498 335 2547; x_wconf 66' lang='lat' dir='ltr'><strong>uisam!</strong></span> <span class='ocrx_word' id='word_1_245' title='bbox 351 2501 512 2548; x_wconf 54' lang='lat' dir='ltr'><strong>Beate-120</strong></span> <span class='ocrx_word' id='word_1_246' title='bbox 530 2499 572 2550; x_wconf 87' lang='grc' dir='ltr'><strong>ΑΙ.</strong></span> <span class='ocrx_word' id='word_1_247' title='bbox 584 2501 661 2549; x_wconf 77' lang='lat' dir='ltr'><strong>Aiunt</strong></span> <span class='ocrx_word' id='word_1_248' title='bbox 671 2506 753 2548; x_wconf 74' lang='lat' dir='ltr'><strong>masto</strong></span> <span class='ocrx_word' id='word_1_249' title='bbox 764 2517 786 2548; x_wconf 88' lang='lat' dir='ltr'><strong>o.</strong></span> <span class='ocrx_word' id='word_1_250' title='bbox 797 2516 828 2548; x_wconf 82' lang='lat' dir='ltr'><strong>oi.</strong></span> <span class='ocrx_word' id='word_1_251' title='bbox 839 2514 893 2548; x_wconf 85' lang='lat' dir='ltr'><strong>esse.</strong></span> <span class='ocrx_word' id='word_1_252' title='bbox 936 2500 987 2548; x_wconf 86' lang='lat' dir='ltr'><strong>oth.</strong></span> <span class='ocrx_word' id='word_1_253' title='bbox 1020 2501 1113 2550; x_wconf 77' lang='lat' dir='ltr'><strong>Proesto</strong></span> <span class='ocrx_word' id='word_1_254' title='bbox 1123 2503 1158 2551; x_wconf 84' lang='lat' dir='ltr'><strong>ml</strong></span> 
     </span>
     <span class='ocr_line' id='line_1_28' title="bbox 57 2563 1158 2627; baseline 0.005 -17"><span class='ocrx_word' id='word_1_255' title='bbox 57 2577 102 2612; x_wconf 81' lang='lat' dir='ltr'><strong>esse</strong></span> <span class='ocrx_word' id='word_1_256' title='bbox 112 2564 275 2612; x_wconf 66' lang='lat' dir='ltr'><strong>uiuat-121</strong></span> <span class='ocrx_word' id='word_1_257' title='bbox 294 2563 419 2612; x_wconf 84' lang='lat' dir='ltr'><strong>Ultimum</strong></span> <span class='ocrx_word' id='word_1_258' title='bbox 439 2579 476 2610; x_wconf 84' lang='lat' dir='ltr'><strong>vs.</strong></span> <span class='ocrx_word' id='word_1_259' title='bbox 488 2564 556 2627; x_wconf 84' lang='lat' dir='ltr'><strong>Gay.</strong></span> <span class='ocrx_word' id='word_1_260' title='bbox 569 2566 651 2612; x_wconf 86' lang='lat' dir='ltr'><strong>deleri</strong></span> <span class='ocrx_word' id='word_1_261' title='bbox 662 2565 726 2622; x_wconf 88' lang='lat' dir='ltr'><strong>vult,</strong></span> <span class='ocrx_word' id='word_1_262' title='bbox 740 2565 868 2612; x_wconf 79' lang='lat' dir='ltr'><strong>advocans</strong></span> <span class='ocrx_word' id='word_1_263' title='bbox 879 2565 1063 2613; x_wconf 88' lang='lat' dir='ltr'><strong>auctoritatem</strong></span> <span class='ocrx_word' id='word_1_264' title='bbox 1075 2566 1158 2615; x_wconf 86' lang='lat' dir='ltr'><strong>Geor·</strong></span> 
     </span>
     <span class='ocr_line' id='line_1_29' title="bbox 57 2625 1157 2692; baseline 0.003 -18"><span class='ocrx_word' id='word_1_265' title='bbox 57 2625 88 2688; x_wconf 72' lang='lat' dir='ltr'><strong>gii</strong></span> <span class='ocrx_word' id='word_1_266' title='bbox 102 2626 226 2676; x_wconf 79' lang='lat' dir='ltr'><strong>Fabricii.</strong></span> <span class='ocrx_word' id='word_1_267' title='bbox 241 2686 244 2692; x_wconf 23' lang='grc' dir='ltr'>Ι</span> <span class='ocrx_word' id='word_1_268' title='bbox 259 2627 287 2674; x_wconf 85' lang='lat' dir='ltr'><strong>Is</strong></span> <span class='ocrx_word' id='word_1_269' title='bbox 299 2641 360 2674; x_wconf 87' lang='lat' dir='ltr'><strong>vero</strong></span> <span class='ocrx_word' id='word_1_270' title='bbox 372 2643 423 2676; x_wconf 89' lang='lat' dir='ltr'><strong>non</strong></span> <span class='ocrx_word' id='word_1_271' title='bbox 435 2636 535 2677; x_wconf 85' lang='lat' dir='ltr'><strong>tanturn</strong></span> <span class='ocrx_word' id='word_1_272' title='bbox 547 2628 621 2687; x_wconf 85' lang='lat' dir='ltr'><strong>dicit,</strong></span> <span class='ocrx_word' id='word_1_273' title='bbox 633 2631 750 2692; x_wconf 76' lang='lat' dir='ltr'><strong>quaedam</strong></span> <span class='ocrx_word' id='word_1_274' title='bbox 771 2628 837 2676; x_wconf 80' lang='lat' dir='ltr'><strong>Mes.</strong></span> <span class='ocrx_word' id='word_1_275' title='bbox 859 2643 915 2675; x_wconf 89' lang='lat' dir='ltr'><strong>eam</strong></span> <span class='ocrx_word' id='word_1_276' title='bbox 933 2642 983 2676; x_wconf 92' lang='lat' dir='ltr'><strong>nou</strong></span> <span class='ocrx_word' id='word_1_277' title='bbox 1005 2642 1157 2691; x_wconf 80' lang='lat' dir='ltr'><strong>agnoscere,</strong></span> 
     </span>
     <span class='ocr_line' id='line_1_30' title="bbox 57 2689 1157 2753; baseline 0.003 -15"><span class='ocrx_word' id='word_1_278' title='bbox 57 2692 98 2740; x_wconf 80' lang='lat' dir='ltr'><strong>sed</strong></span> <span class='ocrx_word' id='word_1_279' title='bbox 110 2699 140 2741; x_wconf 86' lang='lat' dir='ltr'><strong>et</strong></span> <span class='ocrx_word' id='word_1_280' title='bbox 151 2689 242 2738; x_wconf 84' lang='lat' dir='ltr'><strong>laudat</strong></span> <span class='ocrx_word' id='word_1_281' title='bbox 256 2689 371 2753; x_wconf 84' lang='lat' dir='ltr'><strong>afiguris</strong></span> <span class='ocrx_word' id='word_1_282' title='bbox 382 2691 501 2751; x_wconf 85' lang='lat' dir='ltr'><strong>Comicis,</strong></span> <span class='ocrx_word' id='word_1_283' title='bbox 519 2699 546 2739; x_wconf 86' lang='lat' dir='ltr'><strong>et</strong></span> <span class='ocrx_word' id='word_1_284' title='bbox 558 2692 583 2738; x_wconf 91' lang='lat' dir='ltr'><strong>in</strong></span> <span class='ocrx_word' id='word_1_285' title='bbox 596 2694 652 2740; x_wconf 85' lang='lat' dir='ltr'><strong>Pal.</strong></span> <span class='ocrx_word' id='word_1_286' title='bbox 665 2691 782 2739; x_wconf 83' lang='lat' dir='ltr'><strong>exhiberi</strong></span> <span class='ocrx_word' id='word_1_287' title='bbox 796 2692 841 2740; x_wconf 87' lang='lat' dir='ltr'><strong>ait.</strong></span> <span class='ocrx_word' id='word_1_288' title='bbox 876 2693 920 2740; x_wconf 90' lang='lat' dir='ltr'><strong>Me</strong></span> <span class='ocrx_word' id='word_1_289' title='bbox 930 2690 960 2738; x_wconf 76' lang='lat' dir='ltr'><strong>ri</strong></span> <span class='ocrx_word' id='word_1_290' title='bbox 970 2692 1025 2739; x_wconf 81' lang='lat' dir='ltr'><strong>iiiito</strong></span> <span class='ocrx_word' id='word_1_291' title='bbox 1036 2693 1157 2742; x_wconf 88' lang='lat' dir='ltr'><strong>iteratum</strong></span> 
     </span>
     <span class='ocr_line' id='line_1_31' title="bbox 56 2752 1157 2819; baseline 0.003 -16"><span class='ocrx_word' id='word_1_292' title='bbox 56 2756 129 2818; x_wconf 87' lang='lat' dir='ltr'><strong>paulo</strong></span> <span class='ocrx_word' id='word_1_293' title='bbox 139 2752 261 2814; x_wconf 81' lang='lat' dir='ltr'><strong>offendit,</strong></span> <span class='ocrx_word' id='word_1_294' title='bbox 273 2761 347 2803; x_wconf 89' lang='lat' dir='ltr'><strong>tauto</strong></span> <span class='ocrx_word' id='word_1_295' title='bbox 357 2757 449 2818; x_wconf 82' lang='lat' dir='ltr'><strong>inagis,</strong></span> <span class='ocrx_word' id='word_1_296' title='bbox 466 2756 534 2819; x_wconf 89' lang='lat' dir='ltr'><strong>quod</strong></span> <span class='ocrx_word' id='word_1_297' title='bbox 547 2757 572 2803; x_wconf 90' lang='lat' dir='ltr'><strong>in</strong></span> <span class='ocrx_word' id='word_1_298' title='bbox 584 2756 667 2803; x_wconf 87' lang='lat' dir='ltr'><strong>Libris</strong></span> <span class='ocrx_word' id='word_1_299' title='bbox 685 2754 812 2803; x_wconf 88' lang='lat' dir='ltr'><strong>nonnullis</strong></span> <span class='ocrx_word' id='word_1_300' title='bbox 829 2756 923 2816; x_wconf 88' lang='lat' dir='ltr'><strong>reperi,</strong></span> <span class='ocrx_word' id='word_1_301' title='bbox 932 2755 972 2803; x_wconf 72' lang='lat' dir='ltr'><strong>arc</strong></span> <span class='ocrx_word' id='word_1_302' title='bbox 980 2772 996 2803; x_wconf 85' lang='lat' dir='ltr'><strong>o</strong></span> <span class='ocrx_word' id='word_1_303' title='bbox 1006 2771 1050 2803; x_wconf 87' lang='lat' dir='ltr'><strong>me.</strong></span> <span class='ocrx_word' id='word_1_304' title='bbox 1085 2756 1157 2806; x_wconf 85' lang='lat' dir='ltr'><strong>lute-</strong></span> 
     </span>
     <span class='ocr_line' id='line_1_32' title="bbox 58 2819 1157 2882; baseline 0.003 -16"><span class='ocrx_word' id='word_1_305' title='bbox 58 2835 127 2880; x_wconf 72' lang='lat' dir='ltr'><strong>qrum</strong></span> <span class='ocrx_word' id='word_1_306' title='bbox 140 2819 222 2880; x_wconf 75' lang='lat' dir='ltr'><strong>igitur</strong></span> <span class='ocrx_word' id='word_1_307' title='bbox 231 2819 316 2867; x_wconf 85' lang='lat' dir='ltr'><strong>locum</strong></span> <span class='ocrx_word' id='word_1_308' title='bbox 328 2820 367 2868; x_wconf 85' lang='lat' dir='ltr'><strong>ita</strong></span> <span class='ocrx_word' id='word_1_309' title='bbox 378 2819 568 2869; x_wconf 67' lang='lat' dir='ltr'><strong>ordinaverit:</strong></span> <span class='ocrx_word' id='word_1_310' title='bbox 585 2819 623 2868; x_wconf 82' lang='lat' dir='ltr'><strong>ido</strong></span> <span class='ocrx_word' id='word_1_311' title='bbox 642 2821 699 2868; x_wconf 82' lang='lat' dir='ltr'><strong>adeo</strong></span> <span class='ocrx_word' id='word_1_312' title='bbox 716 2820 770 2867; x_wconf 80' lang='lat' dir='ltr'><strong>line</strong></span> <span class='ocrx_word' id='word_1_313' title='bbox 780 2820 853 2867; x_wconf 76' lang='lat' dir='ltr'><strong>iutro.</strong></span> <span class='ocrx_word' id='word_1_314' title='bbox 887 2819 935 2866; x_wconf 84' lang='lat' dir='ltr'><strong>Sed</strong></span> <span class='ocrx_word' id='word_1_315' title='bbox 951 2819 1007 2879; x_wconf 83' lang='lat' dir='ltr'><strong>quid</strong></span> <span class='ocrx_word' id='word_1_316' title='bbox 1017 2826 1157 2882; x_wconf 60' lang='lat' dir='ltr'><strong>aspostaret</strong></span> 
     </span>
     <span class='ocr_line' id='line_1_33' title="bbox 53 2881 1157 2946; baseline 0.001 -15"><span class='ocrx_word' id='word_1_317' title='bbox 53 2884 138 2940; x_wconf 71' lang='lat' dir='ltr'><strong>tores?v</strong></span> <span class='ocrx_word' id='word_1_318' title='bbox 146 2884 186 2931; x_wconf 77' lang='lat' dir='ltr'><strong>irio</strong></span> <span class='ocrx_word' id='word_1_319' title='bbox 196 2898 212 2931; x_wconf 87' lang='lat' dir='ltr'><strong>o</strong></span> <span class='ocrx_word' id='word_1_320' title='bbox 224 2897 260 2932; x_wconf 82' lang='lat' dir='ltr'><strong>me</strong></span> <span class='ocrx_word' id='word_1_321' title='bbox 270 2884 377 2946; x_wconf 80' lang='lat' dir='ltr'><strong>quisnam</strong></span> <span class='ocrx_word' id='word_1_322' title='bbox 387 2885 526 2944; x_wconf 75' lang='lat' dir='ltr'><strong>egreditar?</strong></span> <span class='ocrx_word' id='word_1_323' title='bbox 557 2884 625 2933; x_wconf 83' lang='lat' dir='ltr'><strong>Sane</strong></span> <span class='ocrx_word' id='word_1_324' title='bbox 643 2883 751 2944; x_wconf 72' lang='lat' dir='ltr'><strong>‘egredi</strong></span> <span class='ocrx_word' id='word_1_325' title='bbox 763 2881 795 2930; x_wconf 90' lang='lat' dir='ltr'><strong>ab</strong></span> <span class='ocrx_word' id='word_1_326' title='bbox 814 2881 915 2944; x_wconf 84' lang='lat' dir='ltr'><strong>aliquo’</strong></span> <span class='ocrx_word' id='word_1_327' title='bbox 934 2883 1063 2930; x_wconf 80' lang='lat' dir='ltr'><strong>comicum</strong></span> <span class='ocrx_word' id='word_1_328' title='bbox 1077 2891 1117 2932; x_wconf 91' lang='lat' dir='ltr'><strong>est</strong></span> <span class='ocrx_word' id='word_1_329' title='bbox 1128 2893 1157 2933; x_wconf 88' lang='lat' dir='ltr'><strong>et</strong></span> 
     </span>
     <span class='ocr_line' id='line_1_34' title="bbox 57 2945 1157 3011; baseline 0.002 -16"><span class='ocrx_word' id='word_1_330' title='bbox 57 2949 249 2996; x_wconf 76' lang='lat' dir='ltr'><strong>Terentianum.</strong></span> <span class='ocrx_word' id='word_1_331' title='bbox 281 2948 483 2997; x_wconf 86' lang='lat' dir='ltr'><strong>Distiuotionem</strong></span> <span class='ocrx_word' id='word_1_332' title='bbox 504 2948 608 2997; x_wconf 84' lang='lat' dir='ltr'><strong>firmant</strong></span> <span class='ocrx_word' id='word_1_333' title='bbox 627 2948 850 3011; x_wconf 70' lang='lat' dir='ltr'><strong>praestantissimae</strong></span> <span class='ocrx_word' id='word_1_334' title='bbox 868 2945 928 2994; x_wconf 90' lang='lat' dir='ltr'><strong>edd.</strong></span> <span class='ocrx_word' id='word_1_335' title='bbox 947 2945 1022 2995; x_wconf 85' lang='lat' dir='ltr'><strong>Junt.</strong></span> <span class='ocrx_word' id='word_1_336' title='bbox 1040 2945 1100 2996; x_wconf 83' lang='lat' dir='ltr'><strong>Ald.</strong></span> <span class='ocrx_word' id='word_1_337' title='bbox 1117 2947 1157 2998; x_wconf 86' lang='lat' dir='ltr'><strong>St.</strong></span> 
     </span>
     <span class='ocr_line' id='line_1_35' title="bbox 60 3009 1155 3076; baseline 0.004 -18"><span class='ocrx_word' id='word_1_338' title='bbox 60 3012 122 3060; x_wconf 73' lang='lat' dir='ltr'><strong>aliar.</strong></span> <span class='ocrx_word' id='word_1_339' title='bbox 158 3010 251 3061; x_wconf 81' lang='lat' dir='ltr'><strong>Boend.</strong></span> <span class='ocrx_word' id='word_1_340' title='bbox 261 3010 300 3060; x_wconf 78' lang='lat' dir='ltr'><strong>ilo</strong></span> <span class='ocrx_word' id='word_1_341' title='bbox 310 3014 367 3061; x_wconf 86' lang='lat' dir='ltr'><strong>adeo</strong></span> <span class='ocrx_word' id='word_1_342' title='bbox 379 3012 418 3061; x_wconf 83' lang='lat' dir='ltr'><strong>irie</strong></span> <span class='ocrx_word' id='word_1_343' title='bbox 426 3014 498 3062; x_wconf 84' lang='lat' dir='ltr'><strong>intro.</strong></span> <span class='ocrx_word' id='word_1_344' title='bbox 532 3015 566 3061; x_wconf 89' lang='lat' dir='ltr'><strong>Et</strong></span> <span class='ocrx_word' id='word_1_345' title='bbox 577 3027 646 3076; x_wconf 83' lang='lat' dir='ltr'><strong>mox,</strong></span> <span class='ocrx_word' id='word_1_346' title='bbox 661 3013 717 3061; x_wconf 81' lang='lat' dir='ltr'><strong>iriae</strong></span> <span class='ocrx_word' id='word_1_347' title='bbox 728 3028 743 3061; x_wconf 90' lang='lat' dir='ltr'><strong>o</strong></span> <span class='ocrx_word' id='word_1_348' title='bbox 755 3027 792 3061; x_wconf 88' lang='lat' dir='ltr'><strong>rue</strong></span> <span class='ocrx_word' id='word_1_349' title='bbox 801 3012 908 3074; x_wconf 80' lang='lat' dir='ltr'><strong>quisnam</strong></span> <span class='ocrx_word' id='word_1_350' title='bbox 917 3009 1056 3072; x_wconf 73' lang='lat' dir='ltr'><strong>egreditur?</strong></span> <span class='ocrx_word' id='word_1_351' title='bbox 1072 3011 1155 3062; x_wconf 84' lang='lat' dir='ltr'><strong>West.</strong></span> 
     </span>
     <span class='ocr_line' id='line_1_36' title="bbox 61 3073 1156 3135; baseline 0.004 -12"><span class='ocrx_word' id='word_1_352' title='bbox 61 3078 120 3124; x_wconf 80' lang='lat' dir='ltr'><strong>Adeo</strong></span> <span class='ocrx_word' id='word_1_353' title='bbox 131 3073 209 3124; x_wconf 81' lang='lat' dir='ltr'><strong>abest</strong></span> <span class='ocrx_word' id='word_1_354' title='bbox 221 3076 350 3135; x_wconf 71' lang='lat' dir='ltr'><strong>liu—122</strong></span> <span class='ocrx_word' id='word_1_355' title='bbox 368 3077 472 3132; x_wconf 74' lang='lat' dir='ltr'><strong>Quinam</strong></span> <span class='ocrx_word' id='word_1_356' title='bbox 483 3075 573 3128; x_wconf 81' lang='lat' dir='ltr'><strong>Guell.</strong></span> <span class='ocrx_word' id='word_1_357' title='bbox 585 3081 609 3127; x_wconf 72' lang='lat'><strong>2.</strong></span> <span class='ocrx_word' id='word_1_358' title='bbox 622 3084 650 3126; x_wconf 88' lang='lat' dir='ltr'><strong>et</strong></span> <span class='ocrx_word' id='word_1_359' title='bbox 660 3078 706 3126; x_wconf 87' lang='lat' dir='ltr'><strong>Br.</strong></span> <span class='ocrx_word' id='word_1_360' title='bbox 1152 3090 1156 3097; x_wconf 79' lang='grc'><em>’</em></span> 
     </span>
    </p>
   </div>
   <div class='ocr_carea' id='block_1_7' title="bbox 419 3325 728 3340">
    <p class='ocr_par' dir='ltr' id='par_1_12' title="bbox 419 3325 728 3340">
     <span class='ocr_line' id='line_1_37' title="bbox 419 3325 728 3340; baseline 0.003 -1"><span class='ocrx_word' id='word_1_361' title='bbox 419 3325 728 3340; x_wconf 58' lang='lat' dir='ltr'><strong>m</strong></span> 
     </span>
    </p>
   </div>
   <div class='ocr_carea' id='block_1_8' title="bbox 367 3538 915 3620">
    <p class='ocr_par' dir='ltr' id='par_1_13' title="bbox 367 3538 915 3620">
     <span class='ocr_line' id='line_1_38' title="bbox 367 3538 915 3620; baseline 0.002 -2"><span class='ocrx_word' id='word_1_362' title='bbox 367 3552 523 3620; x_wconf 78' lang='lat' dir='ltr'><strong>noros</strong></span> <span class='ocrx_word' id='word_1_363' title='bbox 547 3554 576 3618; x_wconf 90' lang='lat'><strong>1.</strong></span> <span class='ocrx_word' id='word_1_364' title='bbox 623 3553 779 3619; x_wconf 73' lang='lat' dir='ltr'><strong>sonus</strong></span> <span class='ocrx_word' id='word_1_365' title='bbox 802 3554 850 3619; x_wconf 92' lang='lat'><strong>11.</strong></span> <span class='ocrx_word' id='word_1_366' title='bbox 906 3538 915 3548; x_wconf 66' lang='lat'>‘</span> 
     </span>
    </p>
   </div>
   <div class='ocr_carea' id='block_1_9' title="bbox 394 3738 819 3788">
    <p class='ocr_par' dir='ltr' id='par_1_14' title="bbox 394 3738 819 3788">
     <span class='ocr_line' id='line_1_39' title="bbox 394 3738 819 3788; baseline 0 -3"><span class='ocrx_word' id='word_1_367' title='bbox 394 3739 586 3788; x_wconf 81' lang='lat' dir='ltr'><strong>(ibl&#39;l&#39;lPHO.</strong></span> <span class='ocrx_word' id='word_1_368' title='bbox 630 3738 819 3787; x_wconf 77' lang='lat' dir='ltr'><strong>CHREMES.</strong></span> 
     </span>
    </p>
   </div>
   <div class='ocr_carea' id='block_1_10' title="bbox 80 3829 1154 4005">
    <p class='ocr_par' dir='ltr' id='par_1_15' title="bbox 80 3829 1154 4005">
     <span class='ocr_line' id='line_1_40' title="bbox 80 3829 1154 3922; baseline 0.003 -26"><span class='ocrx_word' id='word_1_369' title='bbox 80 3829 127 3896; x_wconf 78' lang='lat' dir='ltr'><strong>Cu.</strong></span> <span class='ocrx_word' id='word_1_370' title='bbox 145 3838 264 3902; x_wconf 75' lang='lat' dir='ltr'><strong>Nuria</strong></span> <span class='ocrx_word' id='word_1_371' title='bbox 277 3838 386 3904; x_wconf 89' lang='lat' dir='ltr'><strong>adhuc</strong></span> <span class='ocrx_word' id='word_1_372' title='bbox 398 3846 464 3916; x_wconf 84' lang='lat' dir='ltr'><strong>est,</strong></span> <span class='ocrx_word' id='word_1_373' title='bbox 475 3840 564 3922; x_wconf 93' lang='lat' dir='ltr'><strong>quod</strong></span> <span class='ocrx_word' id='word_1_374' title='bbox 580 3858 724 3917; x_wconf 86' lang='lat' dir='ltr'><strong>vereare,</strong></span> <span class='ocrx_word' id='word_1_375' title='bbox 738 3838 868 3902; x_wconf 88' lang='lat' dir='ltr'><strong>Clinia:</strong></span> <span class='ocrx_word' id='word_1_376' title='bbox 892 3836 1154 3918; x_wconf 82' lang='lat' dir='ltr'><strong>haudquaquam</strong></span> 
     </span>
     <span class='ocr_line' id='line_1_41' title="bbox 186 3941 460 4005; baseline 0 0"><span class='ocrx_word' id='word_1_377' title='bbox 186 3941 460 4005; x_wconf 80' lang='lat' dir='ltr'><strong>etiamsessent:</strong></span> 
     </span>
    </p>
   </div>
   <div class='ocr_carea' id='block_1_11' title="bbox 104 4098 1155 4169">
    <p class='ocr_par' dir='ltr' id='par_1_16' title="bbox 104 4098 1155 4169">
     <span class='ocr_line' id='line_1_42' title="bbox 104 4098 1155 4169; baseline -0.001 -18"><span class='ocrx_word' id='word_1_378' title='bbox 104 4099 139 4151; x_wconf 78' lang='lat' dir='ltr'><strong>Cn.</strong></span> <span class='ocrx_word' id='word_1_379' title='bbox 155 4105 176 4152; x_wconf 93' lang='grc'><strong>0</strong></span> <span class='ocrx_word' id='word_1_380' title='bbox 188 4104 347 4168; x_wconf 81' lang='lat' dir='ltr'><strong>Clios&#39;o,ailril</strong></span> <span class='ocrx_word' id='word_1_381' title='bbox 358 4109 393 4154; x_wconf 83' lang='lat' dir='ltr'><strong>est</strong></span> <span class='ocrx_word' id='word_1_382' title='bbox 402 4109 496 4168; x_wconf 84' lang='lat' dir='ltr'><strong>propter</strong></span> <span class='ocrx_word' id='word_1_383' title='bbox 506 4103 565 4169; x_wconf 83' lang='lat' dir='ltr'><strong>quod</strong></span> <span class='ocrx_word' id='word_1_384' title='bbox 576 4101 659 4154; x_wconf 78' lang='lat' dir='ltr'><strong>timeor</strong></span> <span class='ocrx_word' id='word_1_385' title='bbox 670 4098 821 4163; x_wconf 77' lang='lat' dir='ltr'><strong>Arrtipliilom</strong></span> <span class='ocrx_word' id='word_1_386' title='bbox 832 4113 878 4148; x_wconf 83' lang='lat' dir='ltr'><strong>oon</strong></span> <span class='ocrx_word' id='word_1_387' title='bbox 890 4103 1020 4151; x_wconf 66' lang='lat' dir='ltr'><strong>ommam.</strong></span> <span class='ocrx_word' id='word_1_388' title='bbox 1042 4100 1155 4157; x_wconf 75' lang='lat' dir='ltr'><strong>Noodsot</strong></span> 
     </span>
    </p>
   </div>
   <div class='ocr_carea' id='block_1_12' title="bbox 0 0 1344 4694">
    <p class='ocr_par' dir='ltr' id='par_1_17' title="bbox 0 0 1344 4694">
     <span class='ocr_line' id='line_1_43' title="bbox 0 0 1344 4694; baseline 0 4"><span class='ocrx_word' id='word_1_389' title='bbox 0 0 1344 4694; x_wconf 95' lang='lat' dir='ltr'><strong> </strong></span> 
     </span>
    </p>
   </div>
  </div>
 </body>
</html>
