2678 4694
195 299 262 364 624
568 317 600 364 r.
622 317 808 366 ruuuurrr
833 317 927 367 arur

197 456 327 535 Faciet,
352 457 419 521 nisi
444 475 558 522 caveo.
605 459 694 522 Bac.
719 458 921 523 Dormiunt:
944 460 1001 542 poi
1022 480 1085 544 ego
1101 462 1194 527 istos
1215 483 1301 529 com·

326 560 484 623 movebo.

195 660 278 727 Mea
293 661 449 744 Phrygia,
465 657 603 736 audisti,
618 661 720 725 modo
736 660 800 725 iste
812 660 910 724 homo
920 680 1023 744 quam
1036 662 1156 728 villam
1166 665 1300 731 demon·
1336 746 1338 753 y

326 762 446 827 stravit
1336 780 1338 843 j

228 852 356 930 'aurii
402 864 472 927 Pri.
494 860 632 927 Audivi.
677 862 768 927 Bac.
801 862 994 928 Proximam
1010 883 1085 930 osse
1099 865 1184 932 huic
1198 868 1299 939 fundo
1335 866 1338 913 ¹

326 965 564 1029 addextrami
610 964 679 1028 Pri.
703 963 857 1028 Memini.
1259 971 1297 1034 10

196 1069 286 1133 Bac.
310 1066 483 1132 Curriculo
499 1086 674 1151 percurre:
698 1065 789 1149 apud
805 1086 882 1131 eum
893 1067 992 1133 miles
1006 1068 1180 1153 Dionysia
1191 1073 1296 1155 agitat

197 1171 262 1236 Sir.
286 1169 380 1248 Quid
408 1169 483 1233 hacc
508 1169 680 1252 inceptati
726 1169 817 1233 Bac.
840 1169 908 1235 Dic
927 1190 982 1235 mo
1005 1170 1060 1235 hic
1075 1174 1206 1255 oppido
1229 1195 1298 1242 esse

326 1271 475 1347 invitam,
491 1277 592 1353 atque
607 1271 793 1350 asservari;
1336 1344 1338 1351 ¹

196 1371 322 1437 Verum
345 1372 459 1454 aliquo
482 1378 584 1454 pacto
607 1372 710 1436 verba
731 1391 786 1436 me
810 1371 864 1437 his
884 1371 1038 1437 daturam
1063 1392 1153 1453 esse,
1172 1381 1208 1440 et
1222 1397 1297 1442 vcn-

328 1483 447 1540 turam.

197 1578 260 1642 Sir.
281 1577 374 1642 Perii
385 1577 504 1641 hercle.
528 1574 687 1654 Bacchis,
702 1595 812 1655 mane,
828 1595 942 1641 mana:
959 1596 1027 1660 quo
1042 1577 1149 1643 mittis
1164 1579 1297 1645 istanci

326 1679 464 1762 quaeso!

196 1781 297 1859 Jube,
312 1789 452 1846 maneat.
499 1780 592 1845 Bru.
615 1778 644 1844 1.
689 1779 754 1845 Su.
780 1781 871 1860 Quin
886 1789 939 1849 est
952 1768 1299 1864 paratumargentum.

325 1882 416 1946 Bac.
439 1880 531 1961 Quin
553 1901 617 1963 ego
632 1901 761 1947 maneo.
1259 1886 1299 1948 15

195 1983 261 2048 Su.
284 1981 389 2067 Atqui
408 1985 481 2069 jam
498 1983 643 2050 dabitur.
688 1985 780 2048 Bac.
803 1984 852 2050 Ut
872 1985 984 2051 lubet:
1007 2002 1088 2048 uum
1108 2001 1170 2068 ego
1186 1976 1298 2065 instoi
1336 1982 1338 2021 ¹

328 2085 393 2150 Su.
414 2085 463 2150 At
478 2082 561 2150 scin’
575 2085 669 2170 quid,
684 2086 811 2150 sodesi
1336 2114 1338 2135 ι

195 2234 304 2296 daciam
314 2233 409 2286 dicere?
443 2236 528 2285 Faciet
539 2237 566 2284 id
575 2237 636 2298 quad
646 2234 762 2295 minatur,
771 2233 820 2284 nisi
828 2235 951 2299 providero
962 2241 990 2284 ui
1000 2236 1037 2285 iiii
1049 2236 1150 2299 pecnnia
1160 2236 1301 2288 moderarer

195 2315 273 2350 aseae
283 2306 373 2349 nostro.
405 2301 455 2348 ΒΑ.
477 2301 574 2348 Decides
585 2305 639 2348 runt
650 2303 722 2362 atque
732 2300 817 2348 otiosi:
833 2314 876 2360 ega
888 2300 994 2349 excitabo
1013 2301 1071 2349 ini'on
1085 2301 1212 2364 (Cliniam
1223 2307 1247 2351 ei
1256 2303 1299 2368 ὑϊ-

119 2418 123 2423 ,
194 2364 273 2425 rum).
291 2365 314 2412 0
326 2363 436 2426 Phrygia
445 2378 508 2424 mea,
518 2363 646 2423 audistine,
661 2378 731 2426 quam
747 2365 827 2412 ailiam
840 2364 943 2412 Charini
956 2366 1001 2414 iate
1010 2365 1078 2413 iano
1088 2367 1159 2428 paulo
1170 2372 1228 2415 ante
1237 2368 1298 2416 indi·

195 2427 280 2476 cadat?
306 2428 361 2477 Pu.
373 2427 470 2477 Audivi
499 2429 551 2476 ΒΑ.
568 2428 722 2476 Audivistiae
732 2441 783 2475 eam
794 2442 843 2477 erse
854 2428 956 2477 vicinam
967 2430 1022 2478 iuria
1030 2429 1123 2491 pradia
1133 2429 1298 2481 dextrorsum?

195 2493 252 2541 Pu.
268 2492 389 2541 Recordor
406 2494 478 2540 isium
498 2492 614 2540 hominem
631 2491 668 2539 ita
684 2493 860 2541 demotuiras'se.
896 2493 946 2540 ΒΔ.
964 2493 1026 2541 Iiiuc
1041 2493 1151 2542 celeriter
1166 2509 1238 2544 curre
1256 2512 1298 2544 nno

192 2570 274 2616 curra,
288 2555 340 2604 sine
353 2556 533 2605 intermissione.
567 2556 641 2604 Miles
650 2555 751 2604 celebrat
762 2556 924 2605 Bacchanalia
933 2559 996 2620 apud
1007 2573 1069 2606 eura.
1103 2559 1152 2607 Su.
1170 2559 1238 2614 Quid
1253 2561 1299 2608 iae

195 2619 299 2670 Bacchis
314 2621 343 2669 de
359 2634 418 2668 nara
433 2617 522 2683 parati
554 2621 605 2670 Bi.
624 2620 722 2669 Nuacia
740 2620 778 2668 iiii
794 2636 831 2668 me
848 2622 964 2671 custodiri
979 2627 1045 2671 arcte
1064 2622 1299 2686 academiarum,

194 2691 275 2734 contra
285 2686 441 2734 volantatem:
458 2692 538 2735 nemim
548 2683 672 2734 maceriis
688 2686 836 2747 deceptarum
855 2685 910 2734 iiior
928 2687 969 2748 qui
984 2686 1022 2734 iiic
1038 2701 1075 2734 are
1090 2687 1208 2749 detinent,
1224 2690 1301 2751 quotis

194 2751 272 2810 moda,
288 2752 352 2799 etad
363 2756 554 2799 eumaenturam·
587 2751 634 2800 Su.
651 2750 784 2799 Mehercule
794 2751 872 2799 nuiiru
881 2765 943 2800 rum.
978 2752 1002 2799 0
1014 2751 1127 2811 Bacchis,
1147 2751 1217 2812 aute,
1234 2754 1301 2814 siric,

195 2815 302 2863 obsecra:
318 2830 363 2877 qua
373 2814 450 2864 mittis
462 2813 612 2877 Phrygiam?
627 2815 690 2863 dude
700 2830 745 2863 noa
757 2819 796 2864 eat
804 2830 848 2876 qao
856 2814 928 2863 aniam
936 2819 981 2862 ent.
1009 2816 1064 2864 ΒΑ.
1072 2814 1194 2878 Phrygia,
1205 2816 1245 2864 adi
1256 2831 1298 2880 qua

194 2879 286 2939 iejarri
295 2880 338 2928 ire.
359 2880 407 2929 Sir.
420 2879 504 2941 Immo,
515 2882 593 2928 decem
604 2878 675 2927 mirra
686 2884 740 2926 runt
749 2885 849 2941 parata.
872 2879 924 2928 ΒΑ.
937 2879 1022 2940 Imma,
1032 2894 1075 2941 ago
1084 2895 1176 2928 umnec.
1196 2881 1244 2931 Sir.
1253 2881 1299 2930 Sed

193 2949 257 2992 certe
275 2945 357 2993 atatim
372 2944 473 3007 accipies
487 2944 618 3006 pecuniam.
651 2943 703 2992 ΒΑ.
722 2943 922 2996 Quemadmodum
938 2948 966 2992 tu
982 2943 1028 2992 vis.
1060 2944 1142 2993 Deiur
1152 2959 1195 2994 nec
1205 2961 1243 3007 ne,
1253 2960 1298 2993 nan

193 3022 250 3057 cura
259 3009 367 3073 amplius.
402 3010 469 3057 Num
487 3022 569 3072 urgeo,
587 3011 614 3054 ui
632 3003 690 3055 deri
723 3006 772 3056 Su.
789 3006 838 3056 Sed
857 3008 1215 3072 scisne,amuda,quidfuciaai
1248 3011 1297 3060 ΒΔ.

670 3142 853 3163 ΜΟΙΜΝΝ

197 3224 310 3289 Glitiam,
320 3225 413 3274 omisso
425 3225 451 3274 in
463 3224 551 3276 Gauii.
563 3231 637 3277 8.—8
653 3228 693 3276 M.
704 3225 795 3278 cavero.
829 3227 871 3277 Ita
892 3233 920 3277 et
936 3228 992 3277 ΕΡ.
1010 3227 1067 3279 ΕΑ.
1087 3228 1206 3293 aliaque.
1225 3231 1296 3279 Wesi.

194 3293 244 3336 -9
262 3290 299 3337 M.
312 3290 342 3339 P.
353 3290 467 3345 audistin,
478 3291 544 3339 icaro
554 3292 601 3339 irie
610 3294 678 3340 mado
688 3307 711 3355 q.
723 3309 746 3341 v.
757 3296 781 3342 d.
815 3291 914 3341 Omnes
924 3292 988 3342 libb.
1006 3293 1097 3355 script.
1108 3294 1175 3343 hanc
1188 3295 1297 3343 collaca-

195 3353 291 3403 tionem
303 3353 408 3416 habent,
425 3354 530 3404 audistin
546 3357 612 3404 moda
628 3357 694 3405 mmo
712 3357 758 3407 iae
773 3374 795 3420 q.
813 3364 841 3406 at
855 3358 930 3406 Bem.
945 3357 989 3405 Vi.
1001 3364 1029 3407 et
1040 3357 1203 3408 Decus-tatus
1222 3358 1293 3418 hauc,

194 3418 301 3468 audistin
312 3420 377 3466 mado
389 3419 434 3468 iae
445 3421 469 3468 ir.
480 3435 503 3482 q.
520 3420 559 3468 ita
570 3420 655 3468 versui
667 3421 765 3483 optime
782 3422 934 3480 consulitur,
951 3429 979 3470 ut
991 3421 1070 3470 eriam
1082 3422 1194 3471 iambum
1204 3423 1295 3471 habeat

192 3483 221 3598 q’n
230 3489 339 3598 qqqqritgqq
355 3483 418 3594 ellico
430 3491 515 3597 tqugn
527 3500 549 3545 r,
561 3498 594 3532 ex
611 3485 697 3598 ‘ilatess
710 3494 738 3598 qt
749 3487 785 3599 qit
796 3487 821 3534 iu
831 3486 920 3599 iteam
937 3485 1057 3600 dqctyilqa
1065 3502 1073 3534 r
1082 3500 1155 3598 tmque
1167 3486 1242 3600 Beati:
1253 3486 1294 3534 ha

194 3562 1293 3738 circumdamini

193 3740 239 3791 bet
251 3743 362 3791 iia-11
381 3740 454 3790 idem
467 3742 531 3804 legit
543 3694 736 3806 vairam-12
753 3744 863 3796 Quidam
882 3743 957 3792 codd.
972 3695 1023 3792 affin
1038 3751 1182 3806 agnoscunt
1198 3742 1228 3791 nd
1241 3745 1289 3791 iac.

193 3807 276 3855 West.
309 3807 389 3855 Beni.
402 3807 506 3869 reponit
520 3807 584 3862 Quid
601 3809 651 3856 iac
668 3813 762 3872 capiat.
793 3807 948 3870 ltnetBip.
970 3805 1289 3857 TiiacomittrrntBoth.

194 3869 225 3918 Ζ.
243 3870 338 3932 Delph.
373 3871 426 3920 Pra
446 3871 563 3919 ursmari
581 3872 619 3920 M.
631 3879 658 3922 et
677 3873 742 3921 cdiii
761 3881 825 3922 vett.
845 3885 904 3920 cum
924 3872 1015 3934 Caiph.
1031 3872 1287 3934 reginmari-ri

193 3934 255 3990 Vet.
266 3935 324 3984 cod.
339 3949 381 3997 ap.
399 3935 475 3984 Lind.
494 3940 563 3997 atque
583 3940 779 3986 venturam-44
796 3937 842 3984 Br.
856 3937 934 3985 Beni.
945 3939 1007 3999 Bip.
1019 3937 1091 3985 Peri.
1104 3937 1202 3999 Deipir.
1220 3936 1287 3984 iatam

194 3995 291 4060 quaro?
319 3999 384 4048 GM.
396 4001 474 4050 Both.
486 4001 572 4049 utam?
587 4016 673 4064 quasa.
707 3999 796 4050 (iucif.
812 4005 836 4048 2.
853 4016 914 4048 auae
929 4009 987 4063 post
998 4003 1148 4051 istanc-15
1167 4000 1229 4048 Mas.
1239 3996 1285 4062 qui·

194 4061 252 4108 dam
266 4061 321 4110 Adi.
355 4063 397 4112 Ita
417 4072 444 4114 et
463 4056 518 4114 ΕΡ.
539 4080 597 4114 cum
613 4066 670 4118 EA.
702 4067 752 4114 Ma.
764 4065 833 4127 Lips.
852 4074 880 4113 et
900 4066 994 4115 Boeud.
1013 4066 1078 4121 Quin
1094 4065 1284 4128 egaaumaaa

194 4125 288 4190 Neque
301 4127 375 4178 aliter
387 4125 505 4193 quaedam
525 4131 584 4180 edd.
605 4129 795 4181 vetustissima.
818 4128 893 4179 Weat.
930 4129 1020 4180 Nostri
1039 4144 1129 4182 omues
1147 4129 1208 4180 Abi.-
1225 4122 1283 4194 quad
