2678 4694
198 291 263 358 606
573 306 603 357 r.
628 304 810 354 ruunurrr
835 305 926 355 urar

199 451 385 536 Reperisti,
400 448 461 514 tibi
476 448 566 532 quod
581 449 740 535 placenti
765 469 808 514 an
819 449 965 513 nondum
980 449 1107 513 etiam?
1154 450 1218 515 Su.
1241 450 1288 515 De

327 553 463 617 fallacia
1250 551 1287 615 at

200 655 322 719 Dicist
345 656 393 718 st!
416 653 528 717 iuveni
547 672 654 738 nuper
676 653 856 738 quandam.
899 650 967 719 Cu.
990 652 1094 735 Frugi
1118 672 1177 718 es:
1199 652 1287 731 cedo,

179 855 264 923 ὃν.
287 754 408 920 Diffi
421 757 581 933 :esttrdrnm
603 862 640 920 ut
662 853 752 920 aliud
768 872 818 918 ex·
838 854 904 919 alio
926 854 1055 920 incidit.
1101 855 1172 921 Cu.
1190 853 1287 937 Quid·

328 977 417 1035 nam,
433 957 537 1041 Syret

198 1059 262 1124 Su.
284 1058 449 1123 Pessuma
477 1059 551 1122 haec
575 1063 626 1122 est
653 1056 822 1123 meretrix.
866 1056 934 1121 Cu.
964 1056 1020 1122 Ita
1043 1058 1191 1125 videtur.
1231 1057 1287 1127 St.

333 1160 441 1224 Immo
459 1159 488 1222 si
505 1160 606 1222 scias.

199 1262 298 1328 Vah!
324 1260 414 1336 vide,
441 1258 530 1342 quod
561 1261 704 1342 inceptet
732 1258 871 1324 facinus·
917 1259 999 1325 Fuit
1027 1256 1185 1344 quaedam
1213 1281 1288 1328 anus

198 1464 290 1531 Hic:
321 1361 655 1528 diddmdldddhmarum
683 1446 807 1542 argenti
836 1461 910 1526 haec
938 1461 1032 1527 millo
1057 1459 1199 1529 dederat
1226 1485 1288 1530 mu·

329 1571 431 1629 tuum.
1251 1567 1289 1629 40

197 1724 229 1757 on
239 1710 339 1758 nondum
351 1708 439 1757 etium?
470 1706 518 1756 Su.
534 1706 647 1769 loqueris
657 1708 685 1755 de
689 1704 785 1766 fabrico
796 1707 847 1756 reni
857 1708 1015 1758 intendendo?
1031 1710 1088 1758 Non
1098 1709 1135 1759 itu
1145 1712 1219 1760 nullo
1233 1716 1289 1759 urte-

197 1773 243 1821 doo
253 1773 386 1834 excogitari
396 1772 506 1834 olquam.
540 1772 591 1819 Cu.
609 1771 689 1831 Frugi
705 1786 738 1821 rr.
771 1772 829 1832 Dio,
848 1775 909 1834 quod
925 1772 1044 1822 munisti.
1077 1776 1125 1824 Su.
1143 1776 1239 1835 Diourn²
1252 1776 1288 1823 rod

198 1842 225 1886 ut
236 1836 301 1887 ruod
310 1852 341 1885 ox
350 1837 398 1884 otio
409 1834 522 1897 requitur.
557 1835 609 1883 Cu.
628 1835 651 1882 0
663 1835 734 1901 Syre,
744 1836 854 1898 quidnam
864 1841 920 1886 ortt
947 1837 994 1886 Su.
1014 1837 1076 1885 Her
1085 1839 1244 1889 oneretrixeot
1252 1841 1287 1900 ud·

197 1901 289 1951 modurn
298 1915 379 1962 pruno
414 1900 468 1948 Cu.
487 1899 552 1947 Talis
569 1904 673 1962 oppurd.
707 1899 754 1948 Su.
772 1899 949 1949 Immoriooius
960 1917 1029 1962 quom
1045 1903 1080 1950 rit
1095 1906 1208 1965 prosim,
1225 1902 1288 1952 rain·

198 1965 268 2014 dois.
306 1962 375 2013 vau!
391 1977 500 2024 cognosce
510 1963 566 2026 quid
581 1962 680 2025 incipiat
691 1964 791 2023 fucere.-
807 1965 913 2027 qnoedorn
923 1966 1002 2014 vetulo
1012 1981 1044 2013 ex
1057 1967 1174 2016 Corintho
1184 1968 1221 2017 tic
1230 1966 1288 2017 iuli·

197 2028 269 2085 tavit.
288 2027 466 2078 tormento
483 2027 549 2078 dedit
567 2027 604 2076 illi
621 2032 701 2077 mutuo
716 2028 780 2078 mille
798 2029 921 2080 drucimur
937 2030 1040 2093 urgenti.
1087 2031 1142 2082 Cu.
1163 2033 1227 2088 Quid
1240 2031 1287 2085 indu

655 2137 699 2158 m
701 2137 835 2158 00000000

197 2219 274 2263 terrun
284 2213 341 2277 egi?
356 2214 445 2276 egistio
456 2209 536 2277 Syre?
551 2217 654 2262 ‹tn-m
672 2214 713 2263 An
730 2215 832 2264 nondum
851 2210 942 2263 etiarn?
974 2213 1162 2264 Terentianum
1182 2215 1230 2266 hoe
1245 2221 1286 2277 est.

198 2278 287 2329 Quare
299 2273 397 2341 Guyeti
408 2294 439 2326 un
449 2284 510 2326 non?
525 2278 645 2338 languet:
664 2279 706 2340 qni
721 2277 781 2327 dnm
797 2284 879 2327 metro
897 2278 1031 2326 consulere
1050 2280 1114 2341 vult,
1128 2281 1287 2334 Latinitntem

198 2341 554 2454 iffngdliglithrgoduqnqztcerstg
566 2341 736 2454 lvricquirelrat,
756 2341 1000 2454 utdiffreffld'
1012 2344 1116 2454 noqdssqrnrn
1131 2345 1286 2457 αἰωιὶΑῗὶο

478 2432 517 2453 .-
598 2421 753 2453 s.uram
813 2421 895 2454 rori
1116 2423 1200 2459 nu.
1265 2423 1279 2455 u

199 2468 283 2517 Dicis:
299 2470 360 2528 tem,
379 2469 457 2518 inveni
472 2484 546 2531 nuper
559 2420 681 2531 quondodn.
716 2440 831 2518 Exdibeo
842 2421 1096 2519 tectionemfflrni.
1129 2423 1252 2536 depm
1261 2441 1287 2521 1³:

198 2531 345 2581 Fabricium
357 2533 422 2595 legit
437 2532 505 2594 Gay.
538 2533 586 2580 Su.
603 2531 642 2582 De
652 2531 768 2592 fulluoiul
800 2533 901 2582 Invento
918 2533 964 2582 'rte
979 2534 1060 2582 inueni
1076 2549 1153 2595 nuper
1171 2539 1287 2599 quondan.

199 2595 287 2672 Atque
298 2597 334 2645 ita
344 2604 385 2646 est
396 2597 423 2644 in
434 2595 527 2646 Boend.
560 2596 655 2645 Mirum
672 2612 743 2659 vero,
758 2597 886 2660 placuisse
903 2599 957 2646 acri
973 2599 1080 2660 critico,
1098 2599 1247 2650 lnoentu’st.
1257 2602 1288 2648 in·

197 2675 261 2711 verra
295 2662 335 2711 Ex
355 2662 432 2710 rnriin
451 2660 608 2709 lectionibus
627 2661 784 2723 praemlerim
803 2662 871 2710 illam
891 2662 1127 2711 Daveutriensem:
1145 2664 1289 2723 nesouer'r

200 2721 290 2775 Dicis?
306 2727 368 2787 tem,
377 2725 455 2775 inueni
466 2738 539 2788 nuper
549 2728 673 2788 mondum.
707 2727 842 2780 Quomodo
854 2733 882 2775 et
892 2725 981 2776 Juntae
991 2726 1139 2789 ediderunt,
1150 2743 1210 2777 eum
1220 2729 1289 2778 Aldu.

198 2788 266 2840 uon.
282 2789 443 2853 Stephanus:
470 2791 508 2839 De
519 2790 618 2849 fotluoiu
636 2788 726 2840 Diris?
742 2796 788 2851 ert,
803 2790 882 2839 inveni
901 2804 974 2852 nuper
990 2792 1119 2852 quondum.
1151 2790 1240 2855 Atque
1258 2794 1289 2841 ito

198 2854 272 2904 uem.
291 2855 366 2906 Idem.
399 2861 407 2884 ⁴
422 2856 460 2903 De
473 2853 572 2918 sollario
589 2853 675 2904 Dicis?
690 2856 742 2903 hem
752 2855 832 2903 inveni
843 2868 916 2917 nuper
926 2853 1053 2917 quondum]
1071 2855 1104 2903 ln
1115 2857 1186 2905 nullo
1197 2859 1215 2907 l.
1227 2873 1246 2907 s.
1256 2856 1289 2905 in·

199 2918 274 2968 venio
286 2919 425 2968 dictionem
437 2919 497 2981 uem,
513 2933 570 2982 quae
582 2925 609 2966 et
620 2918 713 2981 alioqui
725 2919 766 2966 hic
778 2919 925 2982 impunest,
936 2924 963 2966 et
975 2920 1072 2966 nullum
1084 2933 1189 2970 sensum
1201 2920 1288 2971 habet:

199 2983 278 3046 aliqul
294 2984 351 3032 loco
363 2984 417 3045 ejus
428 2983 488 3030 nihil
501 2996 603 3043 prorsus
615 2980 729 3030 habent:
750 2982 828 3045 aliqui
840 2982 886 3030 tras
898 2981 962 3030 duas
974 2996 1051 3032 voces
1062 2984 1160 3032 incentu
1170 2990 1216 3048 ert,
1228 2983 1290 3048 quud

197 3054 268 3095 stare
278 3060 329 3094 non
339 3052 440 3108 potestr
453 3046 477 3092 in
487 3046 560 3094 Bem.
568 3052 597 3093 et
606 3045 662 3093 aliis
669 3046 780 3110 antiquis
791 3046 886 3110 legitur
893 3052 937 3095 eet.
946 3046 1014 3109 quod
1023 3062 1079 3094 cum
1091 3047 1132 3096 hic
1141 3051 1213 3099 nullu
1221 3049 1290 3099 modu

199 3110 340 3169 coherent,
349 3109 404 3158 siue
413 3109 491 3157 dubio
503 3116 653 3170 corruptum
666 3119 800 3171 putamus:
818 3119 845 3159 et
855 3125 901 3173 pro
913 3117 955 3170 ert,
968 3111 1105 3171 legendum
1116 3117 1149 3173 st,
1166 3129 1223 3178 quae
1234 3120 1290 3162 notu

199 3181 241 3221 est
255 3173 393 3221 indicentis
409 3171 558 3222 sitentium!
576 3174 620 3223 Fu.
651 3175 711 3236 ‘St
727 3174 796 3238 quod
813 3176 858 3224 Fa.
876 3188 907 3223 ex
920 3174 1070 3237 conjectura
1082 3177 1180 3237 posuit,
1191 3191 1289 3241 prorsus

198 3236 313 3297 irreptum
326 3243 374 3285 est.
407 3237 535 3287 Quorsum
547 3238 614 3286 euim
627 3237 728 3287 silentio
741 3253 879 3300 opus‚cum
891 3239 938 3286 soli
949 3238 976 3286 in
988 3253 1066 3287 scena
1077 3239 1146 3289 siut?
1171 3242 1289 3290 Meliores

197 3299 293 3364 quique
309 3300 413 3349 codices
425 3300 529 3362 habent,
539 3306 591 3361 eot,·
607 3316 658 3364 quo
669 3302 774 3364 indicio,
790 3302 905 3352 eristum
917 3310 944 3350 et
957 3302 1067 3364 priorem
1078 3317 1183 3366 qnoque
1195 3320 1289 3355 versum

198 3372 273 3414 certo
283 3365 400 3414 restitui:
420 3364 485 3421 Quid
495 3370 539 3414 tul
554 3367 635 3427 ecquid
645 3367 674 3414 de
683 3368 723 3415 illo
733 3368 792 3430 quod
800 3368 888 3415 dudum
899 3370 973 3414 tecum
982 3367 1030 3429 egi,
1040 3367 1121 3429 egisti,
1132 3368 1214 3432 Syre?
1244 3370 1289 3418 Aut

198 3433 234 3477 ort
245 3428 298 3489 lidi,
314 3431 373 3490 quod
388 3430 488 3491 pluerat,
502 3444 533 3477 un
544 3430 740 3480 noudumeticunl
774 3431 815 3479 De
828 3430 928 3491 sulluciu
944 3430 1030 3479 Diris?
1046 3436 1096 3480 eet:
1111 3432 1194 3481 moeni
1204 3431 1289 3496 nuper!

199 3494 278 3543 Bent.
291 3494 299 3523 ‘
311 3493 389 3555 Vuig.
406 3493 485 3543 Dicis?
496 3499 544 3543 est:
560 3493 653 3543 iuueni.-
670 3494 714 3542 sed
727 3508 847 3558 quorsum
859 3494 973 3557 pertinet
983 3493 1045 3542 illud
1055 3499 1105 3543 ert?
1117 3496 1203 3545 codex
1213 3496 1248 3556 A,
1258 3499 1290 3544 in·

197 3556 286 3608 onitu!
296 3557 373 3606 Both.
385 3558 427 3621 qni
440 3557 499 3605 iude
512 3558 566 3617 dat,
576 3558 660 3607 Dicial
678 3559 826 3608 norinorum
837 3574 861 3607 n.
872 3574 894 3620 q.
918 3557 1005 3609 Dicis?
1015 3563 1066 3606 est:
1076 3559 1158 3608 inveni
1166 3560 1213 3610 Br.
1225 3562 1290 3610 Perl.

199 3620 290 3673 Dicis?
301 3628 336 3671 et:
354 3622 415 3685 Bip.
427 3621 456 3669 Z.
467 3621 564 3683 Delph.
580 3625 589 3652 ⁴
604 3623 666 3671 Cedo
677 3624 732 3684 qaid
742 3623 768 3670 id
778 3627 821 3671 ert.
833 3623 905 3672 Bem.
918 3629 946 3670 et
958 3622 1073 3670 nonnulli
1083 3623 1127 3671 ulii
1138 3638 1191 3672 uon
1200 3625 1290 3674 habent

199 3687 353 3747 perticulam
364 3687 391 3735 id
401 3684 446 3735 sed
459 3691 567 3749 utroque
579 3685 655 3734 modo
667 3694 719 3735 stat
729 3686 836 3735 uersus!
853 3687 898 3736 Fu.
933 3687 1023 3735 ‘Unus
1036 3692 1135 3735 tantum
1145 3700 1179 3736 ex
1192 3689 1290 3752 optimis

198 3748 430 3814 nostris,quidest.'
447 3749 525 3799 Bent.
557 3749 623 3800 GM.
641 3750 685 3800 ur.
703 3751 764 3813 Bip.
781 3751 877 3810 Delph.
896 3750 1113 3799 iuuabunt-³8.
1131 3755 1164 3800 89
1181 3751 1290 3802 Irnrnooi

197 3815 267 3864 reios
311 3809 382 3864 Volo!
406 3814 468 3871 uide,
492 3814 553 3876 quod
572 3814 673 3876 inreptet
688 3814 793 3873 farinae.
833 3815 913 3863 Varie
933 3816 989 3864 haec
1011 3815 1102 3876 legunt
1123 3814 1289 3879 interpretes.

200 3877 418 3928 Praestantissima
429 3878 565 3927 Librorum
576 3878 639 3928 Mes.
652 3884 679 3926 et
690 3879 871 3942 impressorum
892 3893 950 3938 pars
963 3879 1080 3939 exhibet,
1096 3887 1126 3927 ut
1137 3880 1218 3931 edidi·
1249 3882 1289 3930 nr.

199 3940 275 3990 Immo
289 3941 331 3990 lior
346 3942 517 4006 oiderSisoioe,
536 3944 597 4006 quod
614 3944 718 4006 inreptet
732 3942 837 4003 surinus.
870 3943 925 3991 Hoo
944 3945 997 3991 tide
1014 3943 1047 3992 G.
1067 3943 1121 3991 ΕΤ.
1135 3944 1198 3993 ΕΜ.
1218 3945 1290 3995 Weot.

200 4004 208 4030 ⁴
221 4004 287 4053 Edd.
301 4011 364 4056 vett.
376 4015 404 4056 et
415 4007 531 4071 plerique
543 4007 624 4057 nostri
634 4008 689 4056 Hoc
699 4009 760 4056 uide.
788 4007 848 4056 Pet.
859 4011 946 4055 tumen
958 4006 1011 4057 Vol
1021 4009 1084 4067 uide,
1094 4012 1124 4055 ut
1135 4009 1182 4056 Fa.
1207 4008 1289 4073 Atque

200 4066 228 4114 id
240 4070 336 4130 placet.
368 4071 491 4135 Plerique
511 4072 591 4121 nostri
611 4072 722 4136 inceptet,
741 4085 792 4119 non
809 4071 920 4132 inreptet.
953 4071 1085 4121 Utrumvis
1104 4072 1205 4134 probe!
1220 4073 1289 4122 Beni.

200 4130 279 4183 Boin.
290 4134 355 4196 legit
366 4134 473 4185 immori
486 4137 556 4186 orion
591 4136 644 4186 Cu.
665 4135 736 4186 Vol!
769 4136 815 4184 Su.
833 4135 887 4184 Hoc
902 4135 964 4193 uide,
982 4138 1042 4200 quod
1060 4136 1165 4199 inceptet
1175 4135 1290 4197 facinori
