2678 4694
369 315 539 366 nouuour
564 315 647 364 nor.
672 313 705 362 v.
730 314 782 362 sc.
806 314 861 362 rx.
992 339 995 346 -
1100 299 1163 364 531

57 462 110 529 Te
125 467 304 546 praeseute,
319 460 470 537 absente,
485 463 615 543 pateoi3
637 459 796 523 invocato
813 463 850 522 ut
862 457 906 522 sii
929 458 1026 522 locus

61 565 217 648 Semper.
261 563 330 628 ΤΗ.
354 563 412 626 Do
432 559 545 638 iidem,
563 561 721 625 sutorum.
766 557 838 624 (ΞΝ.
868 556 1046 641 Acciugar.
1091 555 1162 622 ΡΗ.

195 663 307 743 Quem
322 665 378 729 hic
394 683 457 746 ego
473 662 601 728 audiol
1121 659 1166 724 30

65 767 276 833 OThraso!
319 765 388 831 Tu.
418 765 564 829 Salvete.
608 764 678 828 ΡΗ.
710 762 766 828 Tu
789 761 944 840 fortusse,
971 781 1048 846 qnae
1073 761 1165 827 facia

195 868 251 932 hic
267 867 345 946 sini,
360 868 483 932 nescis.

62 969 134 1036 ΤΗ.
158 969 249 1035 Soio.
294 969 364 1034 ΡΗ.
386 967 454 1033 Cur
469 986 547 1051 ergo
568 965 604 1030 in
617 965 671 1030 his
687 985 750 1050 ego
771 970 805 1030 te
830 964 1007 1049 conspicor
1021 962 1164 1046 regioni·

62 1177 135 1242 ΤΗ.
158 1073 412 1241 Ροὶοξεηεΐῖοῖοε.
457 1173 527 1239 ΡΗ.
551 1170 642 1238 Soin’
656 1190 758 1256 quom
778 1169 907 1235 iretusl
932 1165 1046 1245 Miles,
1067 1166 1165 1231 odico

195 1275 268 1354 tibi,

13 1387 16 1394 '
63 1387 103 1452 Si
128 1394 163 1452 te
189 1386 226 1450 iu
251 1386 366 1468 platea
391 1383 561 1450 offendero
584 1383 649 1450 hoc
678 1391 758 1471 post
778 1402 938 1469 unquam,
961 1382 1051 1468 quod
1072 1381 1165 1448 dicus

196 1487 291 1564 mihi,

62 1639 139 1698 odeis,
153 1638 204 1688 cicc
220 1637 300 1696 οὸοίος
318 1642 347 1686 ut
355 1650 441 1686 mem
452 1641 499 1686 iuoe
509 1635 569 1686 mibi
578 1651 668 1700 occuper
683 1639 747 1687 urus
756 1636 844 1701 aliquis
859 1636 1006 1699 relinquatur
1015 1649 1111 1697 oum,
1120 1635 1167 1685 etti

60 1719 109 1753 non
118 1701 337 1763 invitoiucsuerim.
369 1702 421 1750 ΤΗ.
440 1701 554 1750 Polliceor
571 1701 624 1764 tibi,
641 1717 758 1764 motuque
767 1702 843 1766 ficiem
858 1701 946 1762 obligo,
964 1701 1006 1750 boc
1022 1699 1059 1749 ito
1067 1700 1125 1759 foro
1139 1705 1167 1750 ui

58 1768 132 1831 petio.
167 1767 222 1817 Gu.
238 1766 385 1879 Alqgredbr.
418 1765 473 1814 ΡΗ.
487 1766 562 1822 Qrum
572 1767 611 1816 lsic
620 1781 664 1828 ego
673 1769 761 1817 uuio?
780 1768 803 1815 0
816 1765 1079 1828 utrorumlibet
1110 1763 1166 1815 Tu.

62 1831 133 1880 Soloi
142 1836 224 1881 alote.
281 1843 311 1880 Η.
331 1829 479 1889 insertasse
487 1831 594 1892 ignotos,
613 1847 665 1894 quo
681 1832 913 1892 obsecrassent.
945 1831 1000 1882 ΤΗ.
1017 1828 1167 1890 Μίοοέοιοίσ·

61 1911 130 1944 noro.
163 1896 219 1945 ΡΗ.
238 1895 288 1944 Cur
299 1909 354 1956 crgo
367 1895 393 1943 irc
403 1895 513 1943 lisuniis
521 1895 629 1958 portibus
645 1901 669 1945 tc
685 1896 814 1960 conspccw
824 1911 874 1944 meo
884 1892 975 1959 offere?
990 1909 1033 1944 cur
1050 1910 1097 1944 non
1112 1892 1168 1942 tino

62 1960 133 2008 obici
165 1959 222 2008 ΤΗ.
243 1959 315 2008 Vobis
329 1959 430 2020 consitus
450 1958 488 2006 lic
504 1960 593 2008 odeum.
628 1960 684 2008 ΡΗ.
701 1960 756 2009 Scir
765 1975 834 2022 quum
843 1961 959 2024 confidere
969 1960 1068 2009 debeor?
1083 1958 1169 2020 Milon,

60 2023 175 2074 montio
185 2022 239 2087 tibi,
251 2022 379 2086 siposticu
389 2026 413 2070 ic
424 2036 524 2085 unquam
534 2022 559 2071 iu
570 2023 613 2072 troo
619 2024 772 2087 pluteusortc
783 2024 874 2074 uotum
885 2025 1003 2082 bobucr05
1017 2024 1080 2074 nibil
1089 2037 1166 2073 costa

530 2151 714 2171 dmm&

62 2255 259 2314 rumpuntur
268 2249 426 2300 mibidomuc.
460 2249 630 2308 euronotus,
641 2249 781 2298 nt‘Mibi'
799 2248 826 2298 in
837 2248 899 2298 Arsi
912 2250 954 2298 rit.
973 2250 1045 2299 Beni.
1079 2250 1169 2317 Sicffl·

61 2318 108 2377 cio,
116 2315 160 2364 boc
168 2316 260 2377 postulo
270 2318 297 2362 nt
307 2319 350 2364 tuo
358 2315 417 2363 milri
431 2315 475 2364 Br.
493 2315 546 2381 Hoc
556 2315 578 2362 si
588 2315 661 2378 efficio
673 2315 768 2377 Delph.
780 2322 808 2363 et
820 2319 862 2363 tue
872 2315 932 2363 milri
942 2328 1000 2363 cnm
1013 2316 1076 2379 Βίρ.
1087 2317 1167 2366 ΒοιΙι.

62 2380 204 2431 Peri-29
223 2379 389 2465 quroercntq
400 2384 423 2427 te
438 2379 532 2428 οὸοοοίο
549 2379 603 2428 ΕΡ.
624 2380 701 2429 Wcri.
735 2381 769 2428 lit
787 2378 881 2429 absente
901 2379 989 2431 Guelf.
1007 2385 1030 2429 8.
1050 2389 1128 2444 utque
1142 2387 1168 2430 ct

136 2444 164 2472 ι.
554 2444 560 2455 .
823 2444 829 2455 .
918 2445 923 2456 .
955 2446 960 2456 .
1056 2446 1061 2456 .

63 2442 1169 2572 ξ’ἔῗ...ἱῗέῗ“.ιῑξ.ἷὲῗῖ.ῑῗ.ῗιῗίἳζῖἱῖ’ἒῖἴῗῖἷέᾞῗὲῖῗῗέἑὶέΐέ33ἕέἕέῥέἓὲ

64 2579 195 2622 coustant.
214 2571 259 2622 Fa.
292 2572 386 2634 Neque
397 2571 423 2619 in
434 2573 529 2620 nostris
540 2577 582 2620 cst
597 2573 641 2621 ito.
677 2573 717 2620 Do
728 2573 942 2637 fidemsuturum:
967 2581 995 2622 ut
1013 2575 1041 2622 in
1057 2573 1167 2623 ‘fidem‘

63 2638 178 2688 elevatio
188 2641 217 2684 et
226 2650 298 2685 moro
308 2634 363 2686 tint.
398 2636 437 2684 Do
446 2636 522 2700 fldem
533 2637 569 2686 ito
578 2637 709 2696 sutorum
724 2638 768 2685 vix
784 2637 856 2686 audis
866 2637 909 2686 iric
919 2639 927 2664 ‘
938 2637 1032 2701 tidem,'
1049 2639 1104 2687 sine
1116 2653 1168 2703 quo

63 2709 160 2752 cetera
176 2700 248 2748 nihili
268 2706 338 2749 sunt.
355 2701 428 2748 Beni.
462 2700 497 2765 0.
514 2702 530 2749 1.
540 2715 561 2748 s.
579 2708 705 2764 quotquot
724 2710 792 2758 sunt,
814 2702 889 2756 Quom
908 2717 950 2763 ego
962 2704 1000 2751 bic
1013 2700 1103 2752 audio?
1119 2717 1169 2752 nce

64 2763 1169 2893 lii⁶¹¹n¹tl2⁸23lti¹¹illiniti”trultriltlnlnnilinisti?

355 2864 363 2888 r
786 2863 794 2889 r
1163 2862 1170 2880 ⁶

64 2896 140 2944 Beni.
182 2893 224 2942 Ito
238 2893 318 2942 lubet
334 2893 428 2955 Delph.
463 2893 593 2942 Facturum
616 2890 703 2942 Guelf.
719 2897 743 2941 a.
781 2893 885 2954 ligolio
907 2895 952 2943 Br.
974 2893 1036 2957 Bip.
1057 2895 1169 2942 Both.-

64 2963 106 3008 tt.
128 2961 161 3007 22
195 2957 318 3020 Suspicor
329 2971 433 3006 carmen
445 2957 588 3006 inversione
600 2958 697 3006 ordinis
711 2957 889 3020 depravatum.
924 2959 1071 3018 Constabit,
1090 2959 1111 3007 si
1131 2959 1170 3008 siu

62 3023 155 3086 legas:
176 3022 199 3070 0
212 3021 312 3082 liboso,
326 3023 429 3070 relucter
446 3026 472 3070 tu
480 3021 597 3080 fortassis
607 3023 646 3071 lric
657 3038 708 3085 quae
714 3023 782 3084 socio
792 3028 847 3071 sunt
857 3024 939 3072 ocreis.
973 3022 1037 3084 Scio,
1054 3037 1097 3073 cur
1112 3038 1169 3084 crgo

64 3089 90 3137 in
108 3087 148 3142 lois
169 3089 195 3133 ic
213 3087 332 3148 conopicor
350 3085 501 3147 regionibus?
534 3087 572 3135 Ut
588 3102 632 3148 ego
654 3087 772 3135 elidatur.
790 3089 836 3138 Er.
872 3087 1011 3152 Conspicor]
1027 3088 1080 3137 Mn.
1098 3089 1128 3137 Li
1149 3103 1170 3138 s.

63 3150 191 3214 conopicio.
208 3149 293 3202 West.
326 3151 377 3199 Cur
387 3155 410 3198 tc
427 3165 483 3211 crgo
494 3151 520 3198 in
531 3152 569 3199 lus
579 3167 622 3212 ego
639 3151 755 3214 conopicio
769 3153 801 3201 R.
821 3159 849 3200 et
859 3153 921 3201 Vct.
941 3152 1006 3202 eod.
1023 3153 1097 3202 Lino.
1131 3103 1171 3202 gli

66 3229 157 3265 versus
169 3214 196 3261 iu
207 3213 274 3262 libro
294 3219 394 3263 tentum
414 3214 543 3263 Benrbino
556 3215 635 3278 juxte
653 3217 787 3279 vulgatum
806 3216 945 3264 lectionem
964 3217 1102 3279 leguntur:
1120 3217 1171 3266 ulti

64 3278 137 3344 quod
150 3292 200 3342 pro
211 3279 332 3341 conspicor
344 3279 421 3328 babet
431 3279 569 3342 conspicior.
603 3280 656 3329 Alii
668 3280 768 3344 antiqui
786 3279 847 3328 libri
866 3280 963 3329 habent
980 3283 1100 3344 conspicor
1111 3294 1171 3331 com

64 3345 192 3394 Donato:
210 3349 238 3390 ct
249 3343 275 3390 ln
285 3343 471 3404 superioribus,
488 3358 540 3405 quoe
551 3343 621 3403 focio
632 3345 670 3392 liic
680 3345 751 3393 sicut.
785 3345 919 3393 Praeterea
930 3352 957 3394 et
975 3346 1072 3408 antiqui
1087 3353 1115 3396 et
1130 3360 1171 3395 re·

65 3417 157 3458 centes
169 3420 259 3455 omncs
270 3407 330 3454 iibri
342 3415 368 3454 et
380 3408 501 3455 Donatus
512 3408 550 3455 ita
561 3404 643 3455 ferme
661 3407 742 3457 verbu
762 3408 897 3469 collocato,
913 3424 1055 3473 versusque
1070 3410 1173 3458 ordios·

65 3472 237 3522 turbabunt:
258 3471 391 3521 Ollrroro.
425 3470 528 3520 Soloctc.
562 3471 598 3518 Tu
608 3471 897 3536 fortocscquoesociolric
906 3473 1074 3524 ncntNercic.
1106 3473 1170 3523 Scio.

67 3538 120 3586 cur
130 3541 155 3585 te
166 3549 224 3596 crgo
234 3536 261 3582 in
271 3535 309 3584 luis
319 3550 363 3596 ego
372 3536 492 3598 conspicor
502 3535 653 3596 regionibrut
669 3537 714 3586 Fa.
748 3538 791 3587 Ita
810 3539 875 3586 derit
893 3539 971 3587 Beut.
991 3540 1052 3602 Bip.
1072 3539 1170 3600 Delplr.

67 3602 119 3650 Cur
130 3605 154 3649 tc
164 3613 222 3661 ergo
233 3600 259 3647 in
270 3599 307 3647 bis
317 3614 361 3659 ego
370 3599 485 3662 conspicio
497 3599 542 3648 Br.
576 3600 629 3648 Dat
640 3601 764 3651 Botbins:
783 3601 846 3662 Ebu,
854 3601 953 3664 Thraso,
1014 3603 1117 3650 Soiocto
1136 3602 1173 3650 l'rr

59 3664 176 3723 sociare,
187 3665 316 3725 quoefocio
325 3664 363 3712 uic
374 3664 457 3726 scim,
466 3662 560 3713 Nescis.
593 3665 658 3714 Scio.
693 3666 1172 3729 Curcrgoiubisteegocouspicorrcg.

66 3729 139 3778 Perl.
151 3729 218 3788 legit
235 3727 271 3774 lu
281 3726 396 3788 fortocsc,
410 3744 463 3791 quoe
474 3728 544 3790 forto
562 3728 601 3777 lric
619 3730 702 3791 scient,
722 3731 816 3791 Nescio,
832 3738 860 3779 ot
880 3737 956 3779 notat
974 3731 1050 3779 scient
1068 3745 1126 3779 esse
1144 3730 1172 3779 in

67 3791 157 3843 Guelf.
169 3795 300 3851 actergo
312 3793 376 3840 tuin
388 3796 478 3842 2.-33
494 3792 560 3857 Scis]
576 3795 683 3856 Repone
704 3808 736 3842 ex
756 3795 874 3844 omnibus
894 3796 958 3843 libb.
977 3803 1003 3855 et
1022 3794 1083 3843 edd.
1103 3801 1170 3844 vett.

67 3857 135 3908 Scio.
171 3857 206 3905 Et
217 3853 329 3905 fortasse
341 3855 479 3920 legendum
491 3863 531 3907 est
544 3856 614 3908 Vobis
624 3857 726 3919 fretum.
758 3858 1011 3923 Scinquomfrctumi
1044 3859 1102 3910 Nisi
1113 3873 1171 3909 curn

569 3985 676 4036 NouAE

99 4079 240 4129 eulnicio
260 4079 407 4142 regionibus]
432 4081 553 4143 Gallice;
573 4097 603 4132 cn
643 4084 714 4148 regio
737 4085 763 4134 iu
786 4086 866 4147 vicos,
886 4084 935 4134 vici
959 4085 985 4135 in
1006 4086 1076 4136 rodes
1097 4085 1173 4134 divisi

67 4171 105 4206 ces
114 4158 242 4222 quertierc.
277 4159 345 4207 Nam
357 4157 425 4208 Urbs
435 4159 461 4208 in
474 4159 602 4223 regiones,
643 4167 710 4210 silut.
