2678 4694
399 337 631 389 rnonuronrs
657 339 739 387 scr.
756 337 812 387 ιιι.
835 336 886 386 sc.
902 338 927 385 r.
1144 318 1210 387 969

112 482 224 560 Nam,
244 487 281 546 ut
301 489 341 551 ut
358 490 450 547 erant
475 484 554 561 alia,
579 484 628 548 illi
651 491 755 559 certe,
778 500 956 566 quaenunc
970 479 1211 559 tibioomiese,

251 585 455 662 consuleres,
588 578 591 585 “

118 685 177 750 Nc
192 685 272 768 qnid
286 693 422 770 propter
436 701 526 752 tuam
542 688 643 753 iidem
656 689 801 770 decepta
815 692 985 770 pateretur
1000 685 1101 766 mali;
1181 685 1209 748 o

118 786 228 870 Cujus
244 806 329 850 nuuc
344 788 473 852 miserce
485 809 565 872 spes
577 809 727 872 opesque
738 795 814 852 sunt
827 789 863 852 in
878 796 911 853 te
923 807 991 852 uno
1002 805 1117 852 omnes
1127 785 1211 850 sites.
1229 861 1232 865 ,

114 887 192 960 Gn.
208 887 385 971 Equidem,
407 890 495 967 bere,
517 910 579 955 nos
600 891 797 976 jamdudum
811 890 867 955 bic
881 895 914 954 te
930 891 1099 953 absentem
1118 888 1213 951 iucu-

250 1008 378 1067 samus,
394 991 452 1073 qui
465 993 596 1056 abieris.

111 1090 195 1162 ,Aru
217 1091 267 1155 'l'e
281 1093 391 1173 ipsum
407 1095 609 1176 quaerebam.
641 1133 643 1137 -
655 1094 724 1159 Ga.
738 1094 808 1160 Sed
817 1113 861 1162 ea
871 1113 976 1159 causa
988 1091 1214 1176 nihilomagis

251 1193 444 1257 defecimus.

113 1294 195 1362 ΑΝ.
218 1294 385 1379 Loquere,
407 1298 569 1379 obsecro;
591 1318 741 1382 quonam
754 1298 791 1362 ia
801 1299 882 1363 loco
895 1308 973 1364 sunt
988 1320 1043 1365 res
1059 1292 1213 1364 ctiortuss

252 1417 305 1462 nee
320 1400 430 1462 mecei

112 1498 296 1583 -Numquid
309 1501 397 1583 patri
421 1502 577 1566 subolctl
624 1501 692 1568 Gn.
716 1501 812 1566 Nihil
826 1504 935 1567 ctiam.
978 1502 1050 1567 Art.
1073 1501 1117 1565 Et
1135 1499 1216 1586 quid

253 1603 327 1684 spei
341 1622 440 1683 porro
454 1602 522 1667 'sti
568 1603 637 1668 Ga.
653 1603 790 1668 Nescio.
834 1603 905 1668 An.
919 1602 991 1671 Ab!
1175 1603 1217 1667 10

122 1701 195 1766 G-u.
219 1701 295 1766 Nisi
311 1703 470 1769 Phaedria
484 1705 574 1769 baud
590 1707 739 1771 cessavit
755 1726 816 1789 pro
831 1712 864 1771 te
879 1707 969 1771 eniti.
1024 1705 1097 1770 Art.
1122 1702 1216 1767 Nihil
1232 1734 1241 1745 κ

251 1805 333 1870 fecit
347 1807 438 1870 novi.

103 1961 110 1970 ‘
121 1956 145 2003 ei
156 1969 208 2017 qao
218 1969 279 2003 nunc
287 1956 371 2004 istuis
381 1961 416 2005 est
426 1957 523 2018 edibus,
531 1959 665 2022 prospicere
675 1973 732 2009 sune
742 1957 853 2020 debuisti,
862 1974 890 2008 ne
901 1958 967 2022 qaid,
975 1958 1026 2008 ideo
1036 1958 1095 2022 quod
1097 1955 1160 2022 fidei
1171 1961 1219 2006 ree

121 2036 147 2068 ee
158 2019 268 2075 credidit,
276 2021 332 2068 moli
342 2022 466 2084 occiperet,
477 2024 543 2084 cuius
552 2039 613 2072 sese
623 2022 727 2083 infelicis
738 2025 797 2073 bono
805 2038 922 2086 speeqeeo
934 2029 958 2071 te
967 2037 1013 2071 aso
1020 2025 1132 2085 modest.
1165 2021 1218 2070 Ge.

123 2083 244 2146 Profecto,
253 2086 318 2144 bere,
327 2086 517 2150 rrosjomprideer
524 2093 556 2149 te,
570 2090 631 2150 qaod
641 2089 697 2136 birse
707 2088 789 2136 obesos
800 2088 992 2149 vituperavimus.
1028 2087 1079 2135 Are.
1099 2086 1131 2133 Te
1143 2086 1219 2150 ipsum

122 2148 261 2210 querebam.
277 2150 328 2198 Ga.
345 2150 393 2198 Sed
402 2157 499 2214 propter
507 2152 637 2200 cientium
647 2156 713 2200 tuum
721 2152 795 2199 sibilo
806 2152 883 2212 riqis
892 2152 997 2198 enirm
1007 2149 1148 2198 remisimus.
1166 2147 1219 2196 As.

117 2213 250 2274 memini,
260 2229 347 2275 queso,
358 2214 382 2262 in
393 2229 460 2276 quem
470 2216 544 2263 loerern
560 2217 702 2264 deverierunt
714 2229 762 2276 ree,
780 2220 804 2263 et
816 2220 892 2263 sortes
908 2218 983 2263 nreoe?
1015 2212 1138 2275 Numquid
1151 2216 1221 2275 poter

122 2276 257 2339 euperem
266 2293 303 2327 me
313 2279 430 2327 collusisse
438 2293 489 2328 curn
500 2280 652 2339 Phormione,
659 2283 684 2327 ei
691 2294 723 2327 ex
733 2285 850 2341 compecto
858 2280 880 2328 ei
888 2279 984 2327 cessisse
994 2277 1119 2326 victorium
1127 2281 1221 2325 consa?

124 2342 176 2390 Ga.
193 2343 265 2391 Niiil
274 2345 356 2391 etium.
380 2343 440 2393 -Αιι,
456 2344 550 2406 Ecquid
566 2343 616 2406 spei
635 2343 736 2392 allerias
753 2349 803 2393 est?
835 2343 885 2393 Ga.
902 2343 1002 2392 Nescio:
1018 2341 1065 2391 risi
1076 2344 1137 2405 qood
1149 2341 1218 2390 Pta-
1281 2361 1287 2373 ·

123 2406 178 2453 driu
188 2421 234 2455 uos
244 2407 316 2457 desiit
327 2407 395 2456 errice
405 2421 444 2456 res
455 2413 607 2458 tuuseurore.
635 2407 689 2458 Ars.
707 2407 778 2457 Nileil
786 2409 858 2472 fecit,
868 2409 917 2458 sisi
928 2408 987 2471 qood
997 2408 1064 2457 solet.
1089 2406 1141 2457 Ga.
1161 2404 1220 2455 lbos

582 2549 761 2570 10101001Μο

125 2641 159 2688 ob
171 2646 281 2689 metrum
293 2641 372 2702 legit:
389 2656 465 2702 muge,
476 2657 544 2704 quom
552 2644 590 2690 ted
601 2643 810 2692 mimodoersures.
821 2643 903 2690 West.
930 2639 1018 2689 Nostri
1027 2645 1058 2690 te.
1074 2640 1154 2689 Beni.
1177 2640 1221 2689 Ita

118 2706 212 2758 ,etBn
246 2706 320 2765 Mage
331 2704 409 2754 Both.
440 2705 654 2754 Animodrereeror
670 2708 762 2766 ongo?
777 2706 874 2768 Delpb.
910 2703 1043 2753 credidisse
1058 2703 1148 2752 Guelf.
1162 2707 1221 2753 2.-

124 2774 140 2818 d
162 2769 223 2822 Quoe
233 2783 294 2816 senc
305 2768 350 2815 tibi
360 2769 423 2816 domi
432 2774 476 2817 est.
502 2771 654 2832 Elegantior
671 2771 759 2832 lectio,
774 2783 849 2832 quam
867 2767 1027 2833 quorundam
1044 2769 1110 2817 Mas.
1129 2775 1156 2817 et
1175 2769 1222 2816 im·

126 2844 284 2893 pressorum,
294 2846 346 2892 qnoe
357 2847 417 2880 erese
427 2838 475 2881 ture
491 2834 553 2882 domi
570 2839 614 2883 est.
638 2835 722 2883 West.
763 2834 829 2881 Nem
838 2838 866 2881 ut
876 2837 902 2882 ret
911 2837 977 2880 eust
988 2833 1045 2891 olio,
1053 2833 1090 2880 illi
1100 2838 1162 2882 certe
1170 2848 1222 2896 qeoe

124 2909 189 2945 nune
199 2894 262 2943 dorni
273 2900 320 2943 teoe
329 2901 363 2944 eet
374 2898 510 2946 emeres.
528 2897 606 2946 Liber
617 2897 767 2958 Bembinns‚
779 2912 831 2960 qeoe
840 2911 900 2945 nune
912 2896 957 2944 libi
967 2896 1076 2945 domi’st:
1094 2897 1222 2959 quomodo

126 2966 156 3009 et
167 2958 234 3008 infra
245 2959 348 3021 dicitur,
365 2961 430 3009 ‘Cui
440 2962 507 3025 quod
518 2977 588 3011 amas
598 2961 702 3011 domi'st
711 2962 729 3011 ι’
745 2964 818 3024 item,
829 2965 836 2990 ⁸
848 2961 927 3010 mihin
936 2960 1058 3009 domi’st'
1073 2960 1128 3024 (ιιι.
1136 2965 1160 3010 2.
1170 2959 1223 3023 te.)

126 3028 164 3073 its
183 3038 271 3074 versus
284 3039 386 3088 quoqne
397 3025 604 3088 expeditissimos
616 3033 665 3077 est.
682 3027 728 3077 Fu.
762 3025 852 3076 Nostri
871 3031 919 3074 tnoe
934 3027 1005 3073 dorni.
1024 3025 1103 3074 Beut.
1136 3025 1179 3074 Its
1195 3031 1224 3074 et

121 3088 192 3138 GM.
205 3089 250 3137 Br.
283 3090 315 3139 ln
326 3090 421 3152 Delpb.
432 3098 473 3140 est
481 3092 519 3140 illi
528 3097 592 3140 certe
602 3093 740 3152 consuleres,
750 3107 802 3154 qaae
812 3106 874 3141 nnnc
884 3089 930 3138 tibi
938 3090 1001 3138 domi
1013 3095 1106 3138 esi-5
1124 3091 1223 3139 Porre-

125 3159 175 3202 trer.
194 3153 237 3202 Its
248 3154 311 3203 Mss.
323 3155 440 3218 plerique
450 3170 549 3216 omues,
558 3171 617 3205 cum
628 3155 706 3204 editis
718 3157 836 3205 vetustis.
874 3154 1027 3206 Gulielmius
1044 3155 1151 3204 alteram
1169 3154 1224 3203 Do·

127 3217 183 3266 neti
195 3218 330 3274 lectionem
343 3227 455 3282 secutus,
465 3224 584 3282 potiretur
590 3222 649 3271 muli
658 3222 729 3284 legit.
746 3220 814 3285 Gny.
824 3221 863 3270 Ne
873 3219 1224 3283 qor'...poeiresormott.West.

129 3283 255 3330 Potiretur
262 3283 341 3331 Bent.
350 3284 428 3332 Both.
456 3287 595 3349 Vulgatsm
606 3288 668 3336 lect.
681 3286 773 3349 probat
783 3286 891 3349 erp-r
910 3285 1024 3347 Equidem
1034 3299 1072 3334 ere
1082 3283 1224 3346 uosjuerde·

128 3347 192 3395 derra
208 3346 297 3410 Aliqui
308 3347 377 3407 libri,
388 3348 456 3396 inter
470 3365 533 3412 quos
552 3358 606 3399 tres
625 3352 806 3416 antiquissimi,
816 3360 844 3400 et
855 3352 915 3400 Bas.
926 3351 961 3399 Et
971 3351 1078 3414 quidem:
1101 3349 1169 3415 qnod
1187 3350 1225 3397 is·

129 3410 262 3472 ceptivum
274 3417 321 3471 est,
332 3417 361 3459 ut
372 3416 400 3458 et
410 3410 436 3458 io
448 3412 562 3476 Hecyra,
579 3417 624 3464 ‘et
642 3417 745 3479 quidem
758 3425 783 3464 te
795 3414 927 3479 expecto!
943 3415 989 3465 Fa.
1022 3416 1110 3465 Nostri
1122 3427 1225 3488 quoque

121 3477 164 3523 Et
175 3474 274 3536 quidem.
306 3475 423 3537 Equidem
432 3489 464 3523 ea
475 3484 562 3535 orare,
573 3493 624 3527 non
636 3480 685 3526 uisi
698 3494 756 3528 eum
768 3494 880 3541 persono
891 3479 974 3541 prima
985 3478 1117 3540 singulari,
1129 3489 1224 3539 junge·

122 3540 216 3589 batur.
233 3540 306 3589 Beni.
338 3541 373 3588 Et
388 3540 481 3602 quidem
491 3541 536 3589 Br.
549 3542 614 3590 GM.
628 3544 687 3602 Bip.
699 3543 777 3590 Botb.
790 3543 842 3590 Nos
854 3543 995 3602 iamdudum
1004 3543 1045 3590 obs
1052 3556 1079 3589 re
1088 3547 1112 3590 te
1123 3541 1176 3588 leisc
1186 3540 1225 3588 ire·

128 3617 235 3652 summus
246 3603 287 3666 qei
302 3605 387 3654 obieris
398 3606 475 3654 Both.
508 3605 575 3652 Hine
587 3605 648 3654 Hel.
660 3604 748 3654 (lueis.
762 3609 835 3654 l.—8
852 3605 917 3654 GM.
927 3605 1000 3652 sibilo
1010 3606 1142 3654 ruinae—9
1158 3604 1224 3653 Mes.

130 3666 222 3717 Leidd.
234 3674 296 3725 tres,
307 3668 382 3717 Bodl.
393 3669 426 3719 G.
434 3670 498 3720 wit.
508 3670 599 3718 Boend.
609 3670 674 3719 sien
692 3677 770 3734 atque
782 3669 820 3719 its
830 3668 895 3717 editi
906 3668 1010 3733 quidam
1022 3678 1132 3717 veteres.
1147 3667 1224 3718 Weet.

129 3732 174 3780 Ita
185 3739 213 3780 et
224 3732 336 3781 Br.-1o
353 3732 387 3783 Ο.
399 3740 426 3782 et
436 3735 492 3783 ΕΡ.
502 3735 616 3796 subdolet,
627 3735 651 3784 b.
660 3749 683 3783 e.
695 3735 854 3797 aliquantum
866 3733 946 3782 dolet.
978 3731 1052 3781 Idem
1063 3733 1089 3780 in
1102 3732 1225 3796 plusculis

130 3796 230 3845 Donati
241 3796 318 3845 codd.
329 3797 461 3860 impressis
472 3799 576 3861 legitur.
614 3798 645 3849 Iu
657 3798 720 3861 Arg.
732 3799 864 3848 additunr:
888 3799 896 3825 ‘
908 3798 931 3848 1.
946 3811 968 3845 e.
987 3798 1067 3846 Dolet
1077 3798 1145 3860 patri
1156 3810 1225 3859 meo,

120 3860 200 3926 ,quod
214 3859 331 3921 abierim,
343 3875 426 3926 neque
437 3862 559 3913 subierim
570 3863 624 3926 ejus
635 3862 824 3925 conspectum!
852 3864 926 3913 West.
965 3862 1007 3911 Ne
1025 3862 1089 3924 putri
1107 3863 1134 3910 in
1147 3860 1225 3910 Theoi

123 3932 216 3983 ¹totum
228 3925 373 3986 deliteseat,
384 3928 441 3989 lege
452 3928 516 3976 Naar
532 3929 597 3991 putri
616 3928 672 3991 quid
689 3927 781 3977 subolet
787 3945 797 3986 ,·
818 3934 846 3978 et
862 3928 922 3991 rpeie'
939 3924 1086 3983 δισυλλάβως
1104 3940 1150 3989 pro
1165 3927 1225 3990 spei.

124 3989 210 4047 ‚aene
243 3989 409 4041 SubdoletBr.
444 3991 582 4054 Neropotri
591 3993 680 4042 uiolet
689 3989 765 4055 qnid?
791 3993 837 4042 Nil
847 3993 927 4043 etiem
959 3991 1072 4056 Speqeid
1089 3988 1225 4054 porroest?

628 4119 736 4171 NOTAE

259 4215 287 4264 ll
305 4213 363 4267 Nisi
373 4212 496 4280 Piaedrio]
512 4215 621 4269 Linaeer
636 4218 807 4271 Graclsmum
818 4211 933 4281 esseut,
948 4217 996 4268 siri
1007 4231 1054 4283 pro
1064 4217 1113 4269 rer.
