2678 4694
488 301 518 347 l’.
541 300 721 349 'rensuum
744 299 835 349 sunt

403 538 557 605 ACTUS
581 539 630 607 11.
675 539 833 606 SCENA
857 538 920 606 lv.

288 713 454 762 unccffls.
478 713 701 762 sustentus.
731 715 874 762 OthlA.
896 713 1034 764 SYRUS.

114 818 205 880 Bso.
235 817 414 893 AEnneon,
436 835 510 879 mea
534 827 566 879 te
594 813 767 900 Antiphila
794 815 907 894 laudo,
937 823 971 882 et
1006 817 1198 882 fortunatam

239 915 370 1001 judico,

116 1019 156 1085 ld
173 1040 247 1083 cum
262 1017 435 1094 studuisti,
451 1017 505 1081 isti
521 1018 633 1081 tormae
649 1027 688 1082 ut
702 1037 813 1081 mores
828 1019 1020 1084 consimiles
1040 1020 1162 1083 forent:

116 1123 329 1205 Minimeque,
352 1121 401 1184 ita
415 1139 468 1182 me
484 1120 530 1184 Di
546 1126 667 1198 ament,
682 1123 795 1198 miror,
812 1122 843 1186 si
858 1129 891 1184 te
907 1121 972 1185 sibi
989 1122 1134 1204 quisque
1148 1140 1198 1184 ex·

245 1223 341 1306 petit.

109 1327 206 1393 ,Nam
220 1325 311 1401 mihi,
327 1322 427 1407 quale
444 1322 612 1405 ingenium
628 1325 773 1404 haberes,
788 1327 853 1391 fuit
867 1325 993 1390 iudicio
1010 1325 1132 1389 oratio.

117 1429 160 1493 Et
188 1446 263 1492 cum
288 1429 415 1507 egomet
437 1444 523 1490 nunc
548 1446 677 1490 mecum
699 1429 735 1492 in
760 1428 872 1503 unimo
896 1429 998 1492 vitam
1019 1433 1112 1493 tuam
1131 1444 1199 1490 con-

86 1600 89 1604 ,
247 1528 372 1606 sidero,
1181 1527 1199 1588 5

117 1630 338 1712 Omniumque
352 1630 434 1693 adeo
448 1639 646 1706 vostrarum,
660 1631 778 1712 volgus
793 1651 868 1714 quae
885 1633 945 1695 ahs
961 1649 998 1694 se
1014 1633 1200 1711 segreguut;

118 1732 162 1795 Et
178 1751 238 1797 vos
255 1751 331 1795 esse
344 1730 550 1806 istiusmodi,
575 1739 609 1794 et
624 1751 686 1792 nos
700 1751 767 1794 uon
782 1752 870 1806 esse,
886 1731 972 1795 haud
989 1731 1141 1795 mirabile
1156 1727 1199 1790 'st

117 1831 207 1897 Nam
227 1829 364 1914 expedit
387 1831 495 1893 bonas
516 1849 589 1919 esso
613 1831 728 1895 vobis:
752 1850 826 1909 nos,
848 1831 1047 1915 quibuscum
1070 1839 1123 1894 est
1144 1849 1200 1903 ses,

244 1950 309 1994 nou
324 1932 446 1995 sinunt.

117 2032 255 2117 Quippe
270 2034 377 2098 torma
391 2032 530 2115 impulsi
544 2040 670 2108 nostra,
685 2052 746 2095 nos
762 2038 928 2096 amatores
944 2033 1077 2096 colunt:

119 2134 207 2200 Haec
222 2136 280 2200 ubi
295 2137 468 2199 immutata
483 2142 545 2212 est,
561 2134 612 2198 illi
626 2153 722 2199 suum
737 2135 881 2199 animum
894 2134 961 2197 alio
974 2133 1203 2197 conformabit

118 2235 198 2300 Nisi
214 2237 245 2300 si
260 2243 474 2320 prospectum
490 2238 618 2300 interea
631 2236 759 2319 aliquid
775 2240 838 2313 est,
853 2235 992 2300 desertae
1007 2236 1166 2300 vivimus.

153 2399 201 2447 ΒΛ.
219 2399 270 2448 Per
280 2400 353 2448 adem
365 2397 480 2457 Pollucis,
490 2414 504 2445 o
514 2412 571 2447 cern
581 2397 714 2462 Antiphilu,
723 2399 816 2447 taudem
827 2398 871 2448 tihi
880 2398 967 2458 tribuo,
977 2402 1000 2446 et
1012 2403 1036 2445 tc
1048 2397 1149 2456 felicem
1163 2411 1205 2447 estc

119 2477 214 2520 centem·
230 2465 290 2524 quod
301 2463 364 2511 omni
374 2462 452 2511 studio
463 2462 585 2522 curavisti,
595 2467 622 2510 ut
638 2477 712 2510 mores
727 2463 762 2510 tui
773 2469 849 2511 essent
867 2461 1027 2510 conuenientes
1045 2469 1068 2511 et
1084 2462 1205 2521 conserues

115 2526 285 2590 pulchritudini
296 2531 319 2574 et
329 2526 448 2576 venustati
460 2527 571 2589 corporis.
607 2527 657 2574 Nec
667 2526 752 2574 mirum
758 2532 792 2574 est
803 2527 862 2575 mihi
879 2528 926 2589 (itu
936 2541 972 2574 mc
984 2526 1031 2574 Dii
1048 2527 1172 2588 adiuuent)
1186 2525 1205 2574 ti

118 2595 141 2639 te
149 2593 246 2703 qqiequc
255 2594 351 2651 ecoptut
361 2605 426 2639 sunm
437 2603 485 2638 esse
494 2604 503 2646 ,¹
520 2605 574 2638 nom
584 2602 658 2638 semim
669 2589 780 2648 tuussuit
791 2591 849 2639 mihi
861 2592 933 2639 index
939 2590 1029 2650 ingenii
1040 2591 1092 2639 tui:
1110 2597 1143 2652 et,
1160 2603 1206 2645 cuis

118 2670 164 2717 opu
192 2669 228 2705 me
235 2653 314 2703 animo
324 2654 425 2704 medune
435 2654 550 2702 cntionem
558 2653 614 2701 uite
625 2659 681 2714 tuce,
692 2659 761 2716 utque
769 2656 840 2702 etium
851 2654 953 2702 omnium
963 2659 1093 2703 uestrorum
1099 2654 1205 2714 juventu

118 2720 204 2778 hrum,
215 2734 265 2781 que
280 2722 421 2767 summouent
432 2732 498 2766 usuc
509 2719 624 2766 consortio
634 2723 764 2766 amoturum
775 2719 957 2778 multitudinem,
973 2719 1058 2766 uticum
1071 2734 1116 2767 non
1127 2725 1162 2767 est
1171 2732 1207 2766 uec

118 2798 166 2832 esse
174 2785 241 2843 tutes,
252 2782 332 2845 quoles
342 2782 408 2844 estis,
419 2787 489 2830 cinos
506 2797 552 2830 nen
559 2797 607 2830 esse
618 2783 691 2830 nestri
701 2781 805 2830 similes:
821 2797 875 2830 num
886 2781 950 2829 uobis
960 2783 1069 2829 conducit
1078 2788 1102 2830 et
1117 2797 1206 2831 eommo-

118 2849 172 2896 dum
183 2852 219 2896 est
235 2846 376 2910 probasne
393 2846 466 2903 nium
482 2847 519 2895 illi
530 2850 656 2905 amotores,
667 2845 801 2907 quihtucum
818 2846 928 2895 hiemes
946 2847 1147 2904 consuetudinem,
1166 2859 1206 2894 nos

117 2912 258 2974 pemmittunt
268 2926 310 2961 uos
320 2925 371 2960 ecce
380 2910 446 2960 uobis
456 2910 553 2968 similes,
571 2909 626 2970 quia
643 2909 738 2958 incitati
747 2914 827 2958 nostru
837 2909 1012 2973 pulchritudine
1028 2925 1072 2959 nos
1089 2913 1206 2973 ditigust;

117 2981 240 3038 postquam
248 2975 294 3023 iste
304 2978 371 3023 decer
381 2973 479 3021 umisuu
489 2977 534 3033 est,
553 2972 590 3020 itti
606 2974 636 3019 ud
656 2972 716 3021 nlius
733 2974 819 3023 ombus
838 2990 854 3023 o
871 2974 936 3022 nebu
954 2973 1076 3037 deficiunt.
1110 2976 1206 3034 interm,

118 3040 176 3097 nisi,
191 3042 247 3088 dum
298 3043 335 3085 ret
344 3037 427 3096 somne
443 3041 534 3096 nostru,
556 3041 578 3084 et
595 3034 625 3084 ol»
636 3035 685 3085 iilis
696 3037 853 3099 observamur,
862 3038 952 3101 aliquid
961 3038 1082 3101 prouisum
1093 3045 1129 3088 est
1139 3038 1207 3093 mdis,

118 3103 234 3164 exigendo
282 3101 330 3151 illis
339 3099 463 3163 pecuniam,-
479 3099 553 3150 uitam
570 3101 664 3162 wimiis
682 3103 799 3151 derelictae
819 3107 842 3151 et
863 3102 968 3161 abjecte.
1001 3102 1135 3166 Postquam
1148 3101 1207 3153 uob'u

573 3244 751 3265 nunneen

151 3315 167 3360 2
184 3312 248 3360 Dum
259 3323 306 3372 pro
317 3324 369 3358 cum
379 3308 465 3358 Guelf.
478 3314 502 3361 2.
523 3309 604 3361 Abest
614 3314 657 3361 isti
668 3317 690 3362 1.
710 3312 786 3362 Both.
803 3311 922 3370 studuisti,
937 3311 984 3358 illi.
1018 3309 1069 3359 Alii
1086 3327 1161 3363 meres
1175 3317 1207 3360 ut.

119 3379 167 3425 -u
184 3375 216 3424 In
227 3373 299 3423 libris
311 3374 438 3423 nonnullis
448 3382 488 3423 est
499 3376 627 3438 quisquam.
661 3377 760 3426 Probet
776 3377 901 3424 Both-5
919 3375 1014 3437 Delph.
1033 3375 1145 3438 Adeoque
1161 3391 1207 3426 uus·

118 3446 211 3490 trucum
221 3439 378 3489 omnium-i
388 3439 448 3487 Esse
459 3439 600 3488 istiusmodi.
613 3441 677 3488 Mss.
689 3441 792 3504 qnidam
806 3454 856 3487 non
868 3447 1010 3500 ugiioscunt
1020 3438 1048 3486 τὸ
1058 3455 1116 3488 esse.
1131 3442 1207 3489 West.

119 3510 166 3554 -8
186 3503 248 3555 Mss.
260 3502 362 3568 quidum
374 3509 401 3551 et
411 3503 539 3567 impressi,
555 3505 627 3554 honis.
644 3504 727 3554 Idem.
755 3505 763 3532 ‘
777 3504 848 3554 Vobis
862 3518 910 3551 esse
922 3503 999 3552 tunm.
1033 3503 1064 3550 In
1076 3518 1100 3552 o.
1114 3505 1131 3553 Ι.
1144 3521 1165 3553 s.
1175 3504 1208 3553 iia

34 3598 39 3621 t
120 3579 169 3634 est,
187 3569 315 3618 boensem
331 3565 411 3616 uobis?
428 3569 473 3617 Fe.
507 3568 570 3618 ‘Sic
588 3577 616 3617 et
636 3571 716 3617 nostri
738 3569 854 3631 plerique
874 3567 945 3614 bonius
965 3581 1013 3615 esse
1031 3568 1111 3622 cotim
1129 3569 1207 3618 etsie

119 3634 219 3685 Nonius
230 3648 255 3681 v.
273 3630 431 3693 ‘expedire’
467 3632 553 3681 Nihilo
567 3641 653 3682 tumen
664 3634 745 3683 minus
758 3646 866 3695 repono,
882 3631 947 3679 honis
958 3646 1006 3679 esse
1025 3630 1109 3683 uobis?
1134 3634 1206 3685 Beni.

119 3700 196 3749 Bonis
206 3699 269 3747 daut
280 3695 351 3745 Peri.
363 3695 488 3746 Boin-n
506 3697 565 3744 Nos.
598 3697 686 3746 Primo
705 3697 839 3761 legehutur
856 3696 931 3751 nohis,
949 3701 1040 3758 postea
1059 3706 1207 3746 correctum.

120 3764 276 3812 Brenn-lt)
303 3759 415 3808 Dubium
432 3760 569 3809 lectionem
586 3759 650 3810 iacit
667 3764 740 3811 Bem.
763 3762 789 3808 in
806 3776 856 3822 quo
876 3770 925 3817 est,
941 3759 1074 3808 imminuto.
1102 3760 1208 3812 Videt-ut

120 3835 205 3876 sutem
215 3827 287 3874 iocus
298 3838 434 3888 expressus
446 3838 460 3873 e
473 3824 559 3874 Pluut.
570 3826 684 3875 Mostell.
697 3840 715 3874 ι.
728 3831 754 3874 3.
764 3829 804 3874 43.
822 3825 829 3850 ‘
840 3824 929 3872 Nimio
940 3838 998 3885 ego,
1007 3838 1082 3887 quam
1095 3838 1163 3875 nune
1174 3835 1208 3887 tu,

120 3897 207 3940 amatu
217 3905 282 3949 snm,
293 3898 372 3954 utque
383 3888 428 3938 uui
444 3888 520 3936 modo
532 3891 600 3951 gessi
613 3904 727 3948 moseum
745 3889 796 3938 Qui
808 3890 849 3950 pol
861 3903 910 3947 me,
924 3887 965 3936 ubi
979 3894 1057 3935 aetute
1071 3888 1119 3941 hoo
1132 3896 1208 3952 ceput

120 3955 229 4002 colorem
239 3954 414 4016 commutavit,
429 3951 556 4017 Reliquit,
567 3953 732 4018 deseruitque
744 3967 793 4000 me.
813 3951 861 4000 tibi
876 3951 943 4000 idem
963 3950 1089 4010 tutorum,
1109 3952 1205 4004 ccede?

120 4017 172 4066 Sed
185 4024 213 4066 et
224 4019 441 4079 praestantissime
453 4018 523 4081 edd,
542 4019 652 4074 Venetae
665 4015 980 4076 veteres,Jnnt.A1d.st.
997 4016 1054 4064 alim
1072 4018 1202 4076 exhibent,

120 4081 252 4132 immutato.
270 4082 352 4133 West.
382 4082 508 4134 imminute
527 4080 620 4148 prohat
632 4085 677 4134 Fu.
689 4089 716 4130 et
735 4081 799 4132 dent
815 4081 874 4144 Bip.
897 4081 989 4132 z.-11
1008 4081 1074 4129 Mss.
1082 4082 1209 4144 plusculis
