2678 4694
115 301 183 366 ult
492 315 526 364 r.
548 313 733 363 ressuru
756 313 845 364 snm

118 458 199 540 Qua
222 456 290 522 hoe
312 461 491 540 occeptum
513 457 560 523 'st
581 478 699 538 eausa,
721 460 869 546 loquere.
913 459 976 526 So.
997 459 1047 529 Ut
1062 463 1217 530 stultaeet

247 578 369 623 misere
385 579 499 624 omnes
515 580 629 625 sumus

117 661 319 744 Religiosm3
341 681 416 725 eum
432 661 668 744 exponendam
685 661 729 727 do
744 661 806 741 illi,
821 661 863 727 de
876 661 982 745 digito
996 665 1160 733 annulum

118 762 291 845 Detreho;
305 769 338 828 et
351 783 426 827 eum
441 763 550 842 edico,
563 770 601 829 ut
615 784 684 829 una
698 784 775 830 oum
789 765 905 848 puella
919 773 1123 849 exponerem

116 865 157 943 si
170 873 361 943 moreretur,
375 885 416 929 ne
432 885 556 948 expers
572 867 679 948 partis
695 871 786 930 esset
801 865 843 930 de
857 867 984 932 uostris
999 867 1108 932 bonis.

117 965 184 1034 Cri.
207 967 302 1033 Istue
316 973 425 1032 recte:
447 968 657 1032 conservasti
682 973 725 1048 te,
750 973 850 1052 atque
874 967 980 1033 illam.
1026 968 1090 1034 So.
1113 968 1153 1035 Is
1167 969 1217 1038 hic

249 1075 304 1134 est
318 1069 472 1135 annulus.
1178 1072 1217 1136 40

117 1168 186 1237 Cu.
209 1169 307 1236 Unde
333 1172 462 1235 habesi
508 1171 567 1235 So.
602 1168 718 1248 Quam
747 1170 894 1238 Bacchis
924 1189 1044 1236 seeum
1075 1171 1218 1239 adduxit

248 1272 546 1338 adolescentulam.
591 1274 656 1338 Sv.
687 1272 796 1338 Hem!

117 1371 187 1440 Gn.
210 1372 301 1452 Quid
316 1395 357 1440 ea
368 1375 505 1441 nenati
548 1375 609 1441 So.
632 1375 685 1440 Ea
700 1374 853 1440 lavatum
867 1374 950 1440 dum
963 1374 1002 1451 it,
1018 1374 1217 1441 servandum

247 1478 329 1542 mihi
345 1478 450 1542 dedit.

116 1577 274 1645 Animum
304 1601 374 1645 non
404 1580 536 1645 adverti
561 1578 735 1663 primum;
769 1577 844 1658 sed,
873 1581 1056 1663 postquam
1088 1581 1219 1666 aspexi,

247 1681 340 1746 illico

116 1780 290 1866 Cognovi:
314 1781 357 1847 ad
380 1789 415 1846 te
442 1781 576 1847 exsilui.
621 1781 689 1849 Cn.
712 1778 808 1860 Quid
835 1799 924 1846 nuno
950 1782 1139 1864 suspicare,
1165 1787 1219 1850 aut

245 1903 377 1949 rnvenrs

118 2028 185 2080 istud
195 2034 303 2095 estquod
313 2032 420 2082 nemeti
430 2034 459 2082 ds
469 2032 646 2098 errrositajilia,
657 2031 697 2081 die
707 2043 753 2096 qsa
770 2031 889 2082 messione
904 2032 1022 2098 inermum
1040 2040 1086 2084 err.
1121 2035 1168 2085 So.
1189 2035 1219 2084 Ut

118 2110 197 2145 maaet
210 2112 252 2145 uos
262 2098 459 2147 mulieressumus
470 2099 607 2147 inconsulta
623 2104 647 2147 et
657 2097 837 2159 superstitiose,
853 2112 906 2146 eum
916 2101 945 2147 da
956 2098 994 2146 itti
1012 2100 1070 2148 anui
1081 2099 1164 2162 filiam
1180 2115 1218 2148 eu·

113 2164 255 2224 praesidem,
269 2163 347 2210 esimo
358 2164 469 2211 annulum
479 2165 508 2212 de
525 2163 614 2223 digito,
630 2167 655 2210 et
669 2161 783 2224 precipio
801 2161 838 2209 itti
860 2167 887 2210 ut
904 2169 1032 2224 exponeret
1051 2166 1158 2226 puellum
1171 2180 1219 2213 rum

115 2227 216 2274 aunum:
232 2227 306 2275 stilla
317 2227 436 2287 interiret,
447 2233 473 2276 ut
484 2227 588 2289 aliquam
600 2232 692 2291 partem
703 2226 815 2274 donorum
826 2230 958 2275 usurarum
969 2227 1074 2277 tuimet.
1104 2228 1158 2278 Cri.
1175 2230 1218 2278 Fe·

115 2289 170 2337 cisti
180 2290 246 2339 istud
255 2296 326 2350 reete,
336 2289 370 2338 sir
381 2293 480 2339 servasti
490 2297 522 2351 te,
539 2291 669 2351 assereres
679 2295 763 2339 eoam
773 2289 929 2350 religionem
945 2294 1017 2353 atque
1035 2284 1112 2354 dmm,
1128 2309 1158 2342 ae
1175 2309 1220 2342 rao·

116 2358 218 2403 meter.
252 2354 297 2403 So.
315 2354 473 2404 Eeceltiaest
491 2357 599 2404 aramus.
635 2356 688 2404 Cn.
709 2354 732 2403 A
750 2369 794 2418 quo
812 2368 865 2402 eum
882 2357 1046 2418 recuperasti?
1077 2359 1123 2406 So.
1141 2358 1220 2407 Hatra

116 2430 148 2465 ex
158 2418 337 2480 adolescentula,
354 2433 424 2480 quara
434 2419 537 2467 Boeotis
546 2419 647 2468 adduxit
659 2433 744 2468 secum.
776 2419 826 2469 Sv.
844 2417 928 2468 Hem!
952 2420 1005 2469 Cu.
1017 2421 1085 2476 Quid
1095 2437 1123 2471 ert
1134 2423 1221 2483 referit

117 2479 163 2530 So.
181 2481 248 2530 Dum
258 2482 308 2530 ltoee
325 2481 452 2546 Antiphilu
468 2484 490 2531 it
506 2485 621 2546 tuentum,
637 2482 740 2531 tradidit
756 2483 816 2531 milri
832 2482 909 2539 iilum,
924 2488 951 2532 ut
972 2497 1101 2536 tenerem.
1135 2488 1219 2543 Quam·

114 2545 219 2607 primum
235 2547 313 2596 astuto
324 2562 370 2596 nou
381 2547 473 2596 attendi
479 2564 489 2607 ,·
505 2549 547 2597 red
557 2553 679 2610 postquam
687 2547 781 2610 aspexi,
791 2547 875 2596 rtatim
882 2549 978 2610 agnoui,
995 2554 1019 2596 et
1030 2551 1141 2599 crudam
1153 2554 1184 2600 ad
1198 2557 1219 2600 te

114 2611 178 2660 arai.
213 2611 267 2662 Crr.
285 2612 351 2672 Quid
360 2612 456 2676 conjicis
466 2627 526 2676 esse,
540 2617 582 2661 aut
593 2613 650 2676 quid
660 2612 750 2677 reperis
765 2610 849 2661 uass
859 2613 888 2662 de
897 2613 940 2662 itta
949 2612 1144 2666 adolesrerrtulrr?
1176 2617 1219 2666 So.

576 2750 590 2768 δ
593 2747 756 2768 ”MNO

115 2848 260 2909 trendatnr3
288 2856 318 2899 ut
339 2849 383 2912 sit,
401 2847 805 2914 ‘injustitia.''Pert.1rriurtitia
825 2853 874 2898 trra.
894 2847 1056 2912 Delfis—35
1075 2850 1219 2900 BattuMa·

117 2915 141 2963 la
149 2917 215 2964 docet
225 2914 396 2975 meesaoilitas
406 2919 431 2963 te
440 2917 524 2963 multa.
542 2913 620 2962 Bodl.
631 2913 688 2974 qaid
699 2917 744 2962 eet.
760 2913 807 2962 Br.
817 2915 859 2961 sed
870 2914 944 2963 istud.
969 2912 1051 2963 Abest
1063 2914 1126 2965 istuc
1138 2914 1221 2965 Guelf.

116 2983 208 3029 s-so
225 2980 281 3029 ΕΡ.
298 2979 340 3027 ltoc
351 2984 450 3042 ceptum.
483 2978 515 3026 In
525 2978 603 3026 editis
621 2976 807 3040 antiquissimis
825 2984 867 3028 est
885 2979 967 3026 stulta
985 2983 1010 3027 et
1027 2979 1138 3028 mirera.-
1155 2980 1221 3043 qood

116 3057 254 3106 perperam
265 3057 299 3091 ex
315 3044 456 3092 Mastornm
474 3043 547 3090 stulte
558 3046 581 3090 et
601 3041 684 3090 misere
702 3055 864 3104 expressum,
881 3057 939 3091 erun
952 3050 1092 3106 utrumqne
1104 3045 1221 3094 videntur

116 3121 175 3157 esse
187 3106 345 3155 adverbium.
367 3107 445 3156 West.
478 3107 486 3134 ⁴
498 3108 569 3169 Lege
581 3121 614 3154 ex
630 3108 661 3156 R.
673 3107 787 3168 eloquere.
821 3108 857 3156 Et
869 3121 917 3170 pro
928 3110 1010 3156 stulte
1029 3114 1054 3157 et
1070 3108 1156 3158 mirere
1166 3111 1221 3172 lege

116 3184 152 3219 ex
162 3170 262 3219 dnobus
270 3170 364 3219 nostris
378 3169 523 3221 veterrimis
534 3173 615 3221 stulta
626 3177 649 3220 et
661 3170 770 3221 misere!
787 3171 866 3220 Bent.
901 3171 943 3220 Its
954 3180 983 3222 et
993 3171 1064 3222 l'erl.
1078 3174 1125 3222 Br.
1136 3174 1222 3230 lrabet,

116 3234 160 3282 hoe
178 3239 276 3297 septum
287 3237 416 3284 ...stulta
433 3240 457 3284 et
477 3237 579 3286 mirera.
597 3237 676 3285 Both.
692 3237 806 3298 eloquere.
824 3237 1072 3298 Eloquere...stulte
1092 3242 1117 3286 et
1131 3238 1222 3288 misma.

116 3298 178 3360 Bip.
198 3314 257 3362 quoe
277 3306 362 3360 notat,
380 3299 444 3348 ‘Al
461 3303 540 3350 stulte
557 3306 580 3349 et
599 3302 697 3349 misere.
710 3299 930 3364 ..suprerstitiosm'
948 3301 978 3350 Z.
996 3303 1077 3350 stulta
1089 3307 1113 3351 et
1123 3303 1223 3354 miserm

8 3377 12 3384 ·
116 3363 213 3426 Delph.
232 3365 305 3412 stulte
323 3370 346 3414 et
365 3364 523 3416 misera-40
541 3365 592 3414 Hie
607 3370 642 3414 ert
658 3365 767 3414 sanetis.
786 3364 819 3414 Ο.
831 3365 880 3414 l.s.
898 3365 981 3415 Hieis
996 3371 1040 3416 ert.
1052 3367 1128 3416 Bem.
1140 3376 1168 3417 et
1180 3369 1222 3417 Vi.

116 3442 181 3490 quos
193 3435 221 3477 et
229 3428 368 3492 sequimur,
379 3431 406 3478 Is
416 3430 455 3479 iric
465 3434 508 3479 ert.
525 3431 572 3479 Fa.
605 3429 612 3457 ‘
626 3431 717 3480 Nostri
729 3430 780 3479 Hie
790 3432 812 3478 ir
822 3435 868 3490 est,
879 3439 990 3480 accentu
1001 3430 1133 3481 meliore?
1150 3433 1223 3483 Brut.

116 3493 169 3543 Hie
178 3493 201 3542 is
211 3499 248 3542 est
258 3495 304 3542 Br.
316 3495 386 3543 Peri.
397 3495 517 3556 Deillius,
527 3495 580 3543 Hie
589 3493 612 3542 ir
620 3496 791 3543 aurulas—tl
810 3495 849 3542 M.
861 3503 887 3543 et
900 3494 993 3544 Boend.
1004 3497 1117 3559 adduxit,
1128 3511 1160 3546 ex
1167 3499 1223 3546 ndo·

116 3559 250 3608 lemeutula.
284 3558 333 3607 Sed
348 3557 376 3607 ri
394 3575 425 3608 ee
444 3562 573 3622 glossema
584 3558 695 3618 videtur,
706 3559 768 3624 quia
784 3559 848 3608 Mes.
867 3560 970 3620 plurimi
988 3561 1122 3612 omittunt.
1143 3562 1220 3612 West.

114 3625 157 3673 Aa
167 3625 267 3673 adolere.
277 3639 305 3671 ae
316 3625 372 3673 tulit
384 3624 470 3674 Guelt'.
483 3628 574 3673 3.-42
591 3622 634 3672 ΑΙ.
645 3624 711 3679 Quid
722 3625 837 3673 itta-ta
853 3624 920 3673 Sunt
931 3624 995 3673 Mes.
1007 3625 1121 3687 plurimi,
1132 3626 1158 3674 in
1169 3627 1222 3690 qui·

115 3688 163 3736 bus
175 3695 216 3738 est
227 3688 364 3738 Asuuium:
380 3705 426 3738 sorr
437 3690 531 3738 adverti
543 3688 655 3752 primum.
689 3688 732 3738 Ita
748 3688 804 3738 ΕΑ.
816 3696 843 3736 et
854 3689 910 3737 ΕΡ.
922 3689 971 3737 nisi
984 3689 1054 3751 quod
1066 3691 1164 3740 habent
1172 3692 1222 3754 pri·

116 3767 162 3802 mo.
196 3754 270 3802 Idem
283 3763 322 3804 est
334 3755 361 3802 in
372 3754 449 3805 Bodl.
461 3759 489 3803 et
500 3754 595 3803 Boend.
629 3754 706 3803 Hane
718 3755 854 3802 lectionem
865 3753 936 3802 Mur.
953 3754 1022 3802 iilam
1035 3755 1082 3803 Fe.
1095 3755 1222 3804 defendit.

120 3816 198 3865 West.
230 3819 371 3869 ‘Annalem
381 3835 405 3868 u.
418 3834 440 3867 a.
455 3818 541 3882 primu
557 3819 632 3867 Bern.
644 3825 671 3868 et
680 3820 714 3868 V.
727 3833 774 3881 pro
786 3819 908 3867 sanatam
923 3818 1022 3867 habent
1038 3820 1169 3870 Animum.-
1186 3821 1221 3868 ita

115 3882 214 3940 optime
227 3885 347 3944 procedit
360 3885 516 3944 troelrsicus,
526 3882 602 3931 aliter
624 3883 779 3946 impeditus:
808 3897 870 3932 sane
887 3897 934 3946 pro
951 3888 1037 3946 primo,
1055 3885 1131 3935 Bem.
1143 3885 1223 3934 habet

113 3943 236 4006 primum)
255 3949 300 3999 Fa.
331 3952 338 3978 ‘
351 3949 411 3998 Duo
422 3965 455 3998 ex
467 3947 616 3999 melioribus
627 3949 721 3998 uostris
730 3948 854 4009 Animum,
866 3955 893 3998 et
906 3947 994 4005 itidem
1005 3949 1128 4011 primum'
1144 3951 1223 4006 Beni·

612 4075 722 4132 NOTAE

261 4178 294 4224 ta
313 4173 443 4242 nmium]
459 4176 607 4230 secundnm
624 4175 757 4242 antiquos:
775 4190 821 4228 nos
833 4176 941 4237 dicimus
957 4174 1072 4226 ‘lotum'
