2678 4694
380 288 384 295 Ι
475 234 489 270 b

318 350 556 399 enormiorem
579 349 664 398 scr.
689 349 724 395 r.
746 349 798 398 sc.
823 350 906 398 vrrs.
1074 335 1160 401 roci

58 494 513 576 Bedesisaneingratiam:
532 493 604 577 jam
621 493 782 576 supplicii
798 492 1062 557 sutisestmihi:
1116 495 1161 559 aa
1234 486 1238 491 ’

58 601 180 668 Habet
192 599 277 675 haec,
289 597 322 661 ei
335 597 439 680 quod,
455 598 533 660 dum
548 597 766 680 vinctosque
782 596 824 660 ad
840 614 954 660 aurem
969 597 1161 678 obgrunniat.

58 702 161 768 Nan.
176 699 232 765 An
246 718 323 763 meo
336 699 465 776 meritc,
480 697 600 763 credo:
617 697 698 782 quid
714 717 777 782 ego
791 716 880 761 nunc
891 716 1160 774 commemorem,

189 800 371 883 Demipho,

60 901 274 985 Singillatim,
289 901 401 985 qualis
417 920 479 984 ego
504 901 539 966 in
564 901 652 966 hunc
667 900 814 966 fuerimi
860 899 930 963 Dn.
953 897 1048 964 Novi
1063 917 1162 981 mque

189 1023 303 1068 omma

59 1102 199 1169 Tecum.
243 1104 344 1169 Nan.
368 1102 524 1169 Meriton’
549 1104 614 1170 hoc
636 1122 714 1170 meo
737 1101 870 1169 videtur
892 1101 1046 1168 factumi
1092 1101 1161 1168 Dn.

193 1205 334 1271 Minime
346 1205 511 1289 gentium3

59 1305 198 1385 Verum,
213 1307 349 1391 quando
357 1306 431 1390 jam
447 1307 642 1375 accusando
659 1306 730 1372 fieri
745 1305 906 1371 iniectum
920 1324 988 1370 non
1003 1311 1129 1388 potest,

59 1408 226 1489 Ignosce:
249 1415 340 1490 orat;
356 1409 552 1487 confitetnr3
575 1416 714 1492 purgat:
737 1407 820 1491 quid
836 1407 888 1471 ris
903 1406 1074 1489 ampliusr
1118 1408 1162 1471 46

59 1510 182 1574 Prion.
197 1511 377 1576 Enimvero
394 1511 599 1594 priusquam
615 1511 689 1576 lraec
704 1510 763 1575 dut
777 1509 922 1586 veniam,
933 1507 1015 1572 mihi
1027 1508 1162 1593 prospi-

190 1614 277 1676 ciam
293 1620 329 1677 et
344 1611 525 1677 Phaedriae.
939 1608 941 1612 ’

56 1788 120 1822 nune
129 1775 157 1823 ir
166 1777 287 1836 gratiatur
295 1773 349 1833 jam
359 1776 420 1824 sotis
430 1776 480 1824 lraec
491 1776 550 1823 ultio
561 1774 620 1824 mibi
630 1775 726 1840 sufficit.
762 1773 843 1823 Habet
862 1789 878 1822 a
889 1788 925 1824 me
942 1773 993 1821 irae
1005 1771 1164 1821 Nausistrata

56 1840 120 1902 quod
130 1840 161 1899 ei,
171 1841 227 1888 dum
238 1839 311 1887 stabit
326 1841 353 1890 in
369 1840 429 1894 vita,
443 1842 475 1888 od
491 1854 573 1888 aurern
589 1840 679 1888 accinat
699 1844 723 1888 et
741 1838 906 1888 obmurmuret.
940 1839 995 1886 Nu.
1012 1839 1052 1886 Aa
1063 1837 1099 1884 iia
1109 1838 1165 1897 scr·

54 1905 157 1951 tassade
174 1917 200 1950 ea
216 1919 354 1961 merueram,
372 1910 399 1952 ut
414 1904 448 1951 sic
464 1920 553 1953 mecam
569 1903 669 1965 ageret!
685 1906 753 1953 creda
764 1918 826 1952 cero.
861 1903 927 1957 Quid
937 1918 999 1951 nunc
1009 1917 1052 1964 ego
1062 1902 1165 1950 minata·

53 1967 103 2015 tim
120 1964 166 2013 tibi
183 1982 288 2026 narrem,
302 1969 394 2030 qualem
409 1983 452 2030 ego
472 1984 529 2029 erga
547 1984 599 2017 eum
615 1984 651 2017 me
669 1968 802 2030 gesserim?
835 1967 887 2026 Dnu.
905 1967 983 2015 Probe
994 1966 1077 2014 idacio
1088 1973 1165 2015 tecum

52 2029 158 2093 pariter.
189 2032 242 2079 Nn.
259 2031 301 2079 Au
311 2032 356 2080 tibi
365 2032 445 2082 uideor
454 2033 530 2091 digna
535 2031 615 2090 fuisse
626 2035 670 2081 bac
678 2032 838 2079 contumelia?
861 2033 913 2078 Dn.
932 2030 1035 2077 Minime
1045 2033 1164 2079 omnium:

53 2108 138 2142 oerum
152 2109 204 2142 cum
222 2096 273 2142 bec
290 2096 355 2144 illius
374 2098 451 2157 maipa,
461 2095 667 2143 criminationibus
683 2100 707 2141 et
716 2093 914 2154 increpationibus
923 2092 1022 2152 insecta,
1033 2094 1102 2140 reddi
1118 2107 1165 2140 nau

52 2163 140 2220 potest,
151 2160 253 2206 condona
263 2160 310 2206 illi.
344 2158 468 2218 Obsecrat,
483 2157 609 2219 confitetur
626 2171 651 2204 se
666 2157 799 2217 deliquisse,
815 2157 919 2216 postulat
930 2161 956 2203 ut
966 2169 1033 2202 suam
1041 2157 1165 2218 purgatio-

54 2236 121 2281 nem,
128 2227 151 2270 et
161 2221 344 2280 satisfactionem
355 2223 464 2284 accipias.
500 2221 565 2274 Quid
575 2220 654 2281 exigis
663 2219 785 2281 amplius?
817 2219 873 2267 ΡΗ.
891 2219 1018 2279 Equidem,
1026 2220 1165 2281 priusquam

54 2283 107 2333 lucc
118 2300 143 2337 se
153 2285 273 2348 ignoscere
282 2284 370 2335 rnarito
379 2288 473 2346 culpam
481 2284 627 2347 pronuntiet,
636 2282 696 2331 milri
706 2284 884 2346 precavendam
894 2288 917 2331 et
929 2281 1058 2332 Plraedrioe.
1088 2283 1166 2346 Heus,

536 2423 579 2444 eu
582 2422 700 2443 necnee

55 2537 115 2572 enm
127 2524 228 2573 Danais
240 2537 294 2573 rem
309 2522 379 2584 sexo,
389 2528 417 2573 et
433 2520 503 2584 pube
519 2521 641 2582 Pelasga,
653 2522 717 2570 Esse
735 2525 813 2584 patet
823 2520 841 2580 ;’
857 2521 893 2572 ite
914 2523 1010 2572 rationi
1022 2539 1109 2575 versas
1126 2526 1165 2575 in-

55 2589 207 2636 commoda:
226 2602 286 2635 nam
304 2589 350 2636 nisi
364 2601 396 2635 ex
414 2591 552 2634 mactamus
563 2584 685 2645 elidetur,
693 2593 765 2635 stare
782 2600 834 2634 non
851 2594 956 2648 potest:
975 2603 1021 2636 nos
1034 2604 1097 2649 ergo
1109 2593 1164 2639 rol·

55 2659 146 2714 gutum
165 2666 310 2715 sequemur,
321 2658 352 2701 nt
368 2653 498 2700 Donatus.
514 2650 560 2698 Fa.
592 2649 665 2697 Unus
686 2664 788 2714 quoque
803 2665 836 2699 ox
850 2651 954 2699 Nostris
972 2667 1031 2700 cum
1047 2653 1097 2702 Ed.
1110 2660 1164 2704 vet.

57 2716 186 2765 Faustuli
199 2719 232 2764 rit
243 2721 370 2765 mactatur.
401 2713 564 2774 Ceterifere,
576 2713 764 2763 Facutalieum
775 2721 911 2764 mactatum.
940 2717 1011 2779 Lege
1027 2732 1060 2766 ex
1072 2717 1166 2767 codice

56 2779 153 2842 Regio,
164 2781 234 2828 Faxo
250 2793 303 2828 eum
325 2781 370 2827 tali
387 2784 515 2827 rnartatum
533 2782 604 2839 atque
621 2778 659 2826 iric
678 2783 713 2827 est
734 2779 872 2836 infortunio.
904 2779 1002 2830 Henur.
1020 2795 1053 2830 rr.
1064 2785 1089 2830 3.
1107 2787 1164 2832 roo.

56 2842 238 2906 ‘Ademptam
250 2841 363 2904 tibijam
383 2840 443 2890 faxo
459 2856 560 2890 omnem
574 2841 689 2890 metum!
707 2844 780 2893 Brut.
810 2843 851 2892 Sit
867 2850 985 2893 mactatus
1000 2846 1062 2906 Bip.
1080 2847 1163 2896 ‘For-

56 2914 131 2956 tasse
143 2908 239 2957 rectius
250 2908 289 2958 bie
303 2907 435 2967 infortunio
446 2905 499 2954 ert!
518 2906 599 2955 West.
616 2907 668 2955 Hir
679 2907 791 2955 Cbrernes
802 2913 838 2957 est
849 2908 905 2958 ΕΡ.
917 2917 945 2958 et
957 2923 1019 2958 sene
1031 2911 1076 2958 Br.
1092 2911 1166 2960 Obre-

56 2984 109 3018 mes
120 2986 134 3017 e
145 2971 245 3033 gl-tl
264 2973 326 3021 Hac
341 2971 410 3018 babet
422 2970 501 3019 Both.
513 2970 610 3019 tacite:
628 2973 679 3032 ejus
691 2970 780 3020 Guelf.¹
794 2976 885 3020 2.-42
901 2973 937 3021 Ar
948 2989 997 3022 meo
1013 2975 1092 3022 Bent.
1102 2975 1165 3037 Bip.

58 3034 92 3083 Z.
104 3033 181 3083 Both.
201 3036 274 3084 Perl.
303 3037 376 3082 Bem.
396 3041 423 3081 et
441 3035 499 3082 Bas.
517 3047 636 3080 munseo:
655 3036 869 3083 itaernendstnm
885 3045 926 3084 est
946 3045 974 3086 et
990 3038 1016 3085 in
1028 3039 1098 3087 vict.
1119 3039 1163 3088 Fu.

59 3099 179 3148 Deleea
200 3114 258 3155 cnm
278 3099 362 3147 tribas
384 3096 497 3156 Nostris,
516 3104 543 3144 et
564 3111 639 3145 verso
660 3099 764 3146 volente
782 3107 809 3148 et
831 3101 970 3149 sententia.
989 3102 1062 3150 Bent.
1081 3102 1117 3149 nt
1136 3119 1165 3151 ea

58 3162 158 3211 retinet
172 3163 232 3224 Rip.
243 3164 288 3211 Br.
301 3176 474 3210 commemorem
493 3160 539 3208 tibi
557 3161 651 3209 omisso
670 3162 789 3225 Demipho
808 3162 896 3223 Guelf.
907 3168 996 3214 2.-43
1014 3165 1165 3225 Singillatim

59 3228 120 3275 Bas.
132 3227 242 3275 etvicr.
254 3234 283 3274 at
299 3227 375 3276 Bern.
396 3231 424 3274 et
444 3225 523 3290 aliqui
543 3225 587 3273 ulii
607 3227 761 3286 singulatim:
780 3242 869 3276 omnes
885 3243 948 3276 vero
963 3230 1018 3290 iili;
1035 3231 1111 3293 qualis
1121 3246 1165 3292 ego

57 3290 86 3339 in
103 3291 164 3339 bunc
168 3289 279 3350 fuerim:
295 3298 323 3338 et
340 3290 480 3350 singulatim
502 3289 609 3354 quidem
629 3305 717 3338 versus
736 3291 862 3353 admittit,
879 3293 947 3342 sicot
965 3301 993 3343 el
1013 3294 1166 3356 singillatim,

59 3368 203 3419 pronomen
216 3368 278 3403 vero
296 3370 339 3416 ego
359 3356 435 3401 etiam
456 3355 549 3416 exigit.
567 3356 613 3404 Fa.
646 3355 794 3415 Singulatim
813 3356 864 3406 dno
884 3357 992 3418 Nostri;
1009 3375 1052 3420 ega
1067 3360 1165 3408 iubunc

59 3433 158 3468 omnes.
176 3418 251 3467 Bent-
283 3417 319 3468 Ar
339 3419 365 3466 in
375 3419 452 3465 istunc
464 3418 542 3466 Both.
553 3421 642 3467 tacite.
658 3422 735 3480 qualis
744 3420 770 3467 in
781 3422 853 3470 umam
874 3424 935 3471 bunc
951 3423 1105 3472 (trusit-44
1123 3424 1165 3471 Ite

59 3482 122 3531 Bas.
135 3489 163 3532 et
175 3484 246 3531 Vict.
259 3490 286 3531 at
298 3482 376 3544 aliqui
389 3481 457 3541 libri,
469 3488 496 3528 et
509 3481 534 3528 in
547 3481 577 3528 iis
588 3482 662 3530 Bem.
675 3483 758 3529 merim
769 3485 812 3531 boa
823 3500 881 3538 meo,
892 3500 940 3532 nee
953 3487 1029 3533 aliter
1040 3493 1094 3534 stet
1107 3500 1164 3534 ver-

61 3561 123 3595 sas:
139 3547 166 3595 in
178 3561 230 3610 quc
242 3547 320 3595 etiarn
337 3561 388 3594 mea
403 3544 593 3607 monosyllabon
605 3551 653 3593 est.
671 3547 717 3594 Fa.
751 3547 836 3594 Etiam
856 3548 946 3596 Nostri
961 3549 1060 3612 aliquot
1072 3551 1165 3600 merito.

59 3612 140 3661 Bent.
159 3611 249 3660 Merito
260 3613 322 3674 Bip.
332 3610 477 3659 Bata-ca
494 3610 592 3670 Ignasoe
610 3611 689 3658 oranti
699 3611 774 3660 Witt.
801 3612 865 3660 Mox
882 3612 920 3659 vis
930 3613 1030 3662 omittit
1042 3613 1163 3664 ΕΡ.-47

559 3752 667 3803 NOTAE

61 3861 170 3911 'verbnm
191 3866 231 3909 est
251 3864 363 3908 sumtum
384 3873 399 3906 u
418 3859 507 3908 sacris.
529 3858 594 3907 Dic·
635 3859 939 3922 snperenmfandebant
954 3860 1163 3922 ;nndemsetnm

63 3949 119 3988 tarn
134 3941 238 3998 potant,
261 3935 343 3999 qussi,
363 3935 550 3996 magisnucto,
567 3934 594 3984 id
634 3935 702 3983 illam
715 3935 847 3992 dicebant,
865 3937 938 3999 qnasi
959 3936 1040 3998 magis
1052 3944 1163 3989 unctam.

61 4019 113 4074 ost,
135 4025 237 4074 eugeo;
260 4024 320 4060 narn
350 4010 497 4074 priusquam
520 4011 595 4061 victl·
634 4010 1162 4075 Mncteremorte,supplicio,dnmnc,in·

64 4103 135 4140 mem
165 4086 338 4144 immolarent,
359 4087 419 4137 rhus
441 4095 486 4138 sot
507 4087 594 4138 vinum
634 4084 759 4153 fortunio,
769 4088 865 4137 dicitur
873 4089 1113 4153 permetspbornm.
1224 4124 1265 4386 ‘
