2678 4694
111 256 176 324 512
482 270 514 315 r.
537 266 720 316 rsnsuru
746 266 836 314 snut

112 416 222 494 Quum
240 413 386 487 ornabat,
403 430 478 475 eurn
494 409 627 474 confeci
642 409 713 472 sinc
727 408 895 485 molestia,

112 518 193 580 Sine
208 521 331 591 sumtu,
345 515 415 576 sine
430 511 628 595 dispendi03
650 518 721 573 tum
734 510 800 573 hoc
814 509 968 586 alterum,
1042 522 1046 529 ’

112 617 154 682 ld
168 637 244 681 vero
258 622 321 692 est,
336 615 426 698 quod
439 634 502 697 ego
518 613 600 676 mibi
616 619 699 696 puto
712 611 925 695 palmarium,

67 708 72 717 ’
113 719 173 784 Me
190 719 367 801 reperisse,
383 716 567 800 quomodo
584 714 854 780 adolescentulus

113 820 327 886 Meretricum
343 818 474 900 ingenia
489 824 524 881 et
538 836 649 881 mores
664 822 784 900 posset
797 833 956 893 noscere,

113 922 249 986 Mature
266 928 303 984 ut
314 940 391 984 cum
407 921 569 1001 cognorit,
587 925 752 1003 perpetuo
768 917 888 982 oderit.

115 1022 204 1101 Quae
221 1023 300 1085 dum
314 1022 397 1085 foris
412 1021 596 1098 suntnihil
613 1020 743 1086 videtur
756 1020 936 1097 mundins3

115 1124 190 1189 Nec
206 1124 315 1205 magis
328 1123 557 1205 compositum
572 1122 763 1205 quicquum,
778 1140 840 1186 nec
855 1119 963 1201 magis
978 1119 1133 1201 elegans:

113 1320 235 1370 sseretrice
245 1319 455 1381 «commmittens
471 1319 596 1378 uirsirurs,
612 1333 681 1382 quoni
691 1319 785 1381 perdite
795 1317 899 1380 mist,
907 1314 1042 1380 presumi,
1051 1320 1076 1365 et
1086 1314 1211 1379 acquisitis

114 1399 167 1433 rtem
178 1384 228 1443 ejus
236 1384 326 1447 perfeci
336 1385 387 1432 sine
397 1385 546 1448 difficultate,
563 1383 614 1432 sine
630 1388 710 1432 sunus
725 1388 750 1433 et
766 1383 878 1446 uspersus
896 1380 1066 1444 pessumum
1084 1380 1112 1428 id
1121 1394 1174 1430 esre
1182 1383 1212 1428 est

113 1449 242 1510 gloriosum
252 1453 276 1496 et
286 1449 363 1510 pulmo
374 1448 483 1508 dignum,
494 1449 553 1509 quod
564 1447 624 1496 mitt
640 1447 728 1508 meso,
739 1449 850 1510 quoniam
860 1447 975 1495 rationem
985 1443 1065 1493 iuueni
1075 1459 1123 1507 pso
1134 1445 1212 1493 odebr-

113 1513 220 1562 centuise
228 1514 302 1575 prote
313 1513 463 1561 meretricum
473 1512 571 1573 ingenio
588 1518 612 1560 et
629 1527 706 1560 recres
720 1525 869 1574 pernoscere,
886 1515 923 1566 ut,
940 1524 994 1558 cont
1011 1509 1150 1571 tempeative
1166 1509 1212 1556 ittet

110 1576 208 1640 pertitus
218 1576 364 1637 cognouerit,
373 1581 484 1638 perpetuo
495 1576 549 1623 odio
565 1591 605 1624 eus
618 1581 781 1639 prosequetur.
815 1575 883 1623 Dum
894 1573 960 1634 seris
975 1578 1078 1633 cesant,
1087 1572 1151 1622 situ
1159 1572 1214 1620 cide·

115 1645 156 1690 ter
166 1641 262 1703 terrim,
274 1646 297 1689 et
309 1641 437 1702 honestius,
445 1640 505 1688 stitit
516 1640 594 1701 magis
604 1645 714 1688 eructum
730 1654 773 1688 nee
791 1640 870 1701 mgis
880 1637 990 1701 lepidum⁰
1024 1637 1097 1700 Qsoe,
1107 1650 1213 1700 cestept·

576 1782 760 1803 “MNO

115 1880 308 1930 stitiviusese
321 1880 454 1929 inventurn
467 1881 559 1930 meritc
579 1883 691 1945 glosssm
711 1888 798 1931 vocet.
819 1881 893 1930 West.
931 1880 991 1929 Eum
1009 1880 1099 1942 confeci
1107 1881 1159 1931 siue
1174 1897 1213 1930 ne-

115 1945 195 2005 iestio]
214 1944 272 1994 Non
285 1944 427 1993 andiendus
440 1946 559 1994 Donatus
577 1946 695 1995 scribens
716 1946 750 1994 ad
769 1946 926 2008 gladiatores
943 1945 1048 2008 respici,
1059 1953 1087 1994 et
1096 1947 1214 2010 uirginem

115 2009 226 2070 intelligi
237 2008 302 2058 odeo
314 2007 456 2070 devictum,
466 2017 496 2059 ut
506 2011 657 2073 gravissimo
670 2012 776 2059 vulnere
787 2009 948 2058 occubuerit.
975 2009 1072 2058 Sensus
1084 2011 1154 2060 enirn
1165 2017 1214 2060 est:

115 2074 180 2122 Feci
198 2080 227 2122 ut
236 2073 364 2135 potiretur
376 2074 483 2135 virgine,
495 2090 572 2138 quem
585 2075 697 2123 amabat.
731 2076 780 2123 Est
791 2074 919 2136 emphasis
929 2075 955 2120 in
971 2076 1007 2134 τῷ
1020 2075 1028 2102 ‘
1040 2074 1215 2137 conieci,'em·

117 2138 185 2200 plius
197 2137 259 2202 quid
269 2144 388 2199 sonante,
400 2153 485 2202 quem,
497 2136 579 2188 effeci.
614 2139 645 2187 ld
657 2139 737 2202 igitur
746 2137 818 2186 vult:
838 2135 918 2186 Effeci
931 2138 955 2186 ei
967 2138 1095 2200 virginem
1111 2154 1160 2188 suo
1170 2153 1216 2187 mo·

117 2202 305 2250 dofruendem.
337 2202 369 2250 Io
382 2202 505 2265 plusculis
521 2204 587 2252 Mss.
604 2212 655 2265 est,
666 2202 756 2257 confeci
773 2207 799 2249 st
815 2203 943 2264 potiretur,
958 2215 992 2249 ex
1008 2203 1093 2264 glossa
1112 2205 1217 2262 scilicet,
1254 2222 1257 2229 ·

117 2264 273 2313 observante
294 2265 352 2313 Riv.
371 2267 411 2314 Id.
445 2266 477 2314 G.
491 2268 542 2315 Er.
562 2268 624 2316 EM.
657 2269 719 2315 Eam
738 2266 825 2326 confeci
846 2266 883 2314 uti
901 2266 1020 2329 potiretur
1036 2267 1089 2315 sine
1108 2268 1217 2316 molestie.

117 2330 217 2378 Donati
230 2330 387 2377 seutentiam
399 2328 501 2378 firmare
514 2330 618 2379 videtur
634 2328 772 2393 Apuleius,
785 2330 828 2392 qui
848 2329 1017 2379 ‘interficere
1029 2329 1218 2394 virginitatem'

117 2392 192 2441 dixit.
222 2392 260 2441 Id.
272 2393 298 2440 iu
308 2392 374 2441 Add.
393 2393 481 2441 Citeto
493 2395 607 2457 Donato,
620 2403 696 2444 notet
710 2394 856 2442 Rentleius:
876 2393 982 2448 ‘Viden
994 2404 1117 2457 quantam
1130 2395 1218 2445 ueteri·

117 2456 164 2506 bus
176 2457 308 2519 Magistris
321 2457 466 2505 molestiam
477 2457 534 2506 baec
545 2459 666 2508 dederint
678 2475 684 2506 :
702 2473 750 2506 nec
762 2458 909 2516 immerito;
935 2459 1064 2507 nonenim
1084 2460 1161 2509 uliter
1180 2474 1219 2507 ex·

118 2519 238 2583 plicabis,
252 2520 300 2567 nisi
314 2520 384 2583 prius
398 2521 583 2571 emendaveris.
616 2523 686 2570 Ecce
706 2522 754 2571 tibi
774 2535 826 2569 rem
845 2520 991 2570 confectam
1007 2537 1014 2570 :
1039 2524 1115 2581 Nom,
1132 2531 1159 2573 ut
1170 2524 1220 2571 snit·

117 2589 177 2644 tem,
188 2586 249 2646 quod
260 2585 282 2632 ei
293 2599 394 2632 amorem
404 2585 570 2650 difficillimum
581 2591 605 2633 et
618 2587 783 2642 Carissimum,
795 2602 811 2634 a
821 2587 944 2634 eneretrice
954 2600 1028 2633 uvore
1040 2587 1160 2648 uirginem
1173 2589 1220 2642 Quo

118 2648 222 2709 emutat,
231 2648 379 2708 eumcouseci
388 2650 561 2700 sinemolestie.
579 2650 631 2699 Ubi
642 2650 666 2698 id
675 2650 765 2710 babes,
776 2649 843 2713 qnod
857 2650 999 2712 postulavit
1007 2650 1058 2700 Do.
1077 2649 1221 2711 ‘consent'

119 2711 241 2774 expedivi
260 2727 371 2761 amorem
391 2711 570 2763 difficillimum
588 2723 614 2764 et
631 2715 863 2776 certissimumque
875 2713 980 2762 amabat
991 2714 1118 2776 virginem
1130 2717 1162 2763 ab
1174 2730 1222 2764 me·

119 2777 216 2825 retrice
228 2791 314 2825 evera.
340 2776 454 2827 ‘Amare
467 2793 482 2827 a
494 2780 631 2828 meretrice
643 2777 789 2842 uirginem,'
801 2778 825 2827 b.
835 2791 859 2825 e.
871 2777 896 2825 in
908 2776 984 2826 domo
996 2785 1024 2827 et
1034 2777 1131 2827 semitis
1144 2794 1222 2828 mere·

119 2841 200 2890 tricis.
218 2842 370 2891 Ameretrice
379 2844 620 2904 omnesuostri‚uon
629 2843 667 2891 ub.
685 2845 750 2904 Eug.
761 2842 794 2890 ad
803 2842 886 2890 locum
899 2844 920 2887 :⁴
930 2841 1149 2905 Gloriatur,quod
1158 2859 1223 2892 arno·

120 2919 175 2954 rem
186 2905 210 2954 ei
223 2906 402 2955 difficillimum
415 2906 678 2969 explicaverit,cujus
689 2913 777 2969 portes
789 2911 941 2954 enumerat:
959 2906 1028 2969 quod
1041 2918 1100 2955 suns
1111 2906 1225 2957 confecit

118 2969 174 3016 sine
186 2971 324 3030 molestie,’
343 2974 392 3019 &e
408 2971 482 3018 Bent.
515 2969 589 3025 'Quo
607 2969 712 3032 cumbet,
730 2985 783 3018 eum
802 2971 881 3018 Bent.
901 2969 991 3020 reete.'
1008 2971 1074 3020 Peri
1091 2972 1134 3034 qui
1154 2979 1225 3022 notet

122 3032 202 3087 Quom
213 3047 260 3096 pro
273 3034 325 3088 Quo
337 3033 432 3082 babere
444 3031 533 3082 ouelt.
546 3037 570 3082 2.
583 3040 609 3081 et
623 3034 701 3090 Quom
720 3034 802 3083 emoto
820 3035 884 3082 dere
902 3033 991 3085 Guelf.
1005 3039 1028 3083 1.
1060 3035 1147 3084 Notut
1159 3037 1224 3086 idem

119 3101 147 3144 ut
156 3096 274 3157 potiretur
286 3097 348 3145 dere
366 3097 431 3146 (tul.
444 3096 498 3161 qui,
509 3104 538 3146 ut
548 3098 660 3162 videtur,
672 3113 703 3147 eu
715 3098 792 3147 verba
803 3099 874 3147 locet
890 3098 917 3146 in
928 3097 979 3147 fine
992 3112 1089 3149 versus.
1122 3098 1226 3150 Audac-

120 3166 172 3220 ter,
189 3173 238 3208 nec
258 3167 345 3209 tumen
364 3168 439 3209 acute
459 3163 603 3211 correxisse
619 3164 665 3212 bos
682 3178 725 3211 vv.
743 3163 891 3212 Bentleium
911 3170 1001 3212 censet
1012 3164 1074 3226 Bip.
1085 3177 1146 3225 quoe
1158 3166 1226 3228 vulg.

121 3224 227 3272 omnino
239 3222 368 3285 defendit,
379 3226 456 3274 etium
475 3227 607 3285 vulgatum
627 3227 689 3277 illud
709 3228 748 3284 ub,
759 3226 828 3292 quod
841 3227 976 3276 contendit
988 3235 1078 3276 notare
1090 3228 1115 3277 b.
1128 3230 1146 3277 1.
1158 3232 1226 3293 prin·

122 3287 229 3401 atpium,
241 3289 257 3364 l.
268 3289 340 3399 gude
352 3289 431 3384 iuuerit
443 3289 487 3338 ills
506 3290 644 3368 difficultas
656 3299 683 3340 et
694 3293 797 3341 caritas.
830 3293 838 3320 ‘
850 3291 937 3376 Vulgo
946 3307 1007 3403 conf}
1019 3294 1085 3340 mole
1094 3291 1110 3351 3’
1128 3293 1165 3341 eit
1179 3296 1227 3370 Bo.

88 3414 91 3419 ·
120 3356 1228 3482 ttldttrtfflrcttttttrl¹ltttttttttttlttntttn¹t,little

124 3484 155 3530 lt
177 3481 260 3544 Neque
270 3483 347 3544 magis
358 3498 432 3546 comp.
452 3484 528 3534 Both.
556 3485 608 3534 Nec
614 3500 684 3545 muge
694 3501 768 3548 comp.
785 3485 911 3548 Rip—ld
929 3486 989 3533 Nou
1001 3485 1146 3535 andiendus
1158 3487 1228 3552 Guy·

623 3614 730 3664 NOTAE

154 3706 350 3770 SPolmorium]
375 3707 530 3770 Palmarius,
550 3725 574 3772 e,
595 3725 656 3772 um3
698 3709 859 3774 probabilem
891 3711 1083 3775 qrruotitatem3
1111 3712 1163 3761 etsi
1185 3727 1227 3762 no·

123 3779 194 3844 quod
213 3789 254 3831 est
274 3784 360 3846 pulmo
378 3784 500 3848 dignum:
518 3787 656 3850 aliquando
696 3789 765 3836 mine
778 3787 895 3851 primarii
910 3796 1015 3838 ceritum
1026 3789 1085 3839 est'
1108 3791 1140 3839 Id
1154 3806 1229 3840 vocs·

123 3855 312 3908 substantivum
327 3865 407 3909 estet
420 3860 522 3910 videtur
536 3862 596 3924 poni
608 3877 654 3925 pro
696 3865 783 3914 bulum
796 3872 907 3916 sumtum
920 3866 1153 3928 nGladiatoribus3
1171 3884 1229 3918 narn

123 3933 272 3996 victoria,l.
285 3949 305 3984 ι.
324 3939 374 4001 §t
387 3938 423 3986 D.
454 3938 494 3986 De
511 3939 655 3987 extraordi·
696 3941 788 3989 uictori
808 3940 955 3991 Gladiatori
974 3945 996 3993 is
1017 3945 1097 3993 honos
1118 3945 1231 3996 babebe-

123 4009 202 4057 noriis
220 4011 386 4074 cognitionib.
403 4012 442 4063 his
459 4014 562 4076 verbis;
579 4013 655 4063 ‘Ho-
696 4024 748 4077 tur,
767 4022 796 4067 ut
815 4026 953 4069 coronatus
970 4020 1056 4085 palma
1074 4020 1165 4071 leudes
1181 4020 1232 4072 fer·

125 4084 229 4135 noteris
239 4101 340 4138 summe
349 4089 404 4153 peti
417 4091 515 4154 poterit
530 4091 655 4156 usquead
695 4098 746 4142 ret.
