2678 4694
326 329 561 378 rnoanronrs
586 329 670 377 nor.
696 331 729 376 v.
753 329 805 377 so.
830 331 895 377 vn.
1070 318 1155 383 1037

56 474 128 535 Du.
150 470 410 559 Assequere-ac
424 471 540 546 retine,
557 469 636 532 dum
653 490 714 552 ego
730 471 794 534 huo
811 491 928 536 servos
942 493 1057 538 evoco.

57 573 179 639 cuae.
203 572 333 635 Etenim
356 572 450 634 solus
473 590 625 653 nequeo:
649 591 787 637 accurre
812 575 889 638 huc.
935 575 1055 639 Prion.
1078 574 1156 642 Una

188 671 354 757 injuria'st
1112 680 1156 742 90

56 773 200 837 Tecum.
234 773 354 839 Canu.
371 773 461 856 Lege
478 776 567 858 agito
583 793 671 858 ergo.
695 775 814 841 Prion.
830 775 950 841 Altera
965 786 1018 842 est
1033 786 1155 858 tecum,

189 873 342 937 Chreme.
1145 893 1155 905 ·

57 974 126 1036 Du.
154 973 253 1056 Rape
268 975 366 1037 hunc.
421 973 544 1038 Prion.
571 976 667 1041 Itane
681 977 807 1059 agitis?
830 978 996 1042 enimvero
1010 999 1095 1046 voce
1111 982 1156 1047 'st

189 1094 210 1137 o
235 1092 287 1137 us.
468 1096 471 1100 ·
756 1092 759 1097 ·

58 1095 293 1240 Nausistrhtal
308 1175 377 1238 exi.
410 1173 530 1239 Canu.
547 1177 597 1242 Os
613 1180 772 1262 opprime.
795 1180 864 1244 Da.
882 1179 1052 1263 Impurum
1063 1183 1155 1261 vide,

58 1273 232 1352 Quantum
260 1276 364 1340 valet.
419 1277 538 1342 Prion.
571 1278 811 1345 Nausistrata!
832 1280 979 1362 inquam.
1033 1280 1155 1348 Canu.

188 1375 270 1439 Nou
286 1379 406 1441 tacesl

57 1475 179 1539 Prion.
200 1477 372 1543 Taceaml
417 1479 487 1543 Du.
511 1478 590 1543 Nisi
614 1482 773 1564 sequitur,
800 1499 932 1563 pugnos
948 1481 983 1542 in
1006 1491 1155 1548 ventrem

80 1614 94 1653 9
180 1579 306 1659 ingere.
470 1629 474 1637 .
1111 1586 1155 1649 95

57 1677 179 1742 Prion.
202 1677 271 1742 Vel
288 1680 604 1747 oculumexclude:
626 1690 690 1759 est,
705 1683 764 1746 nbi
779 1701 840 1748 vos
856 1680 1002 1746 ulciscar
1013 1686 1131 1767 probe.

54 1898 160 1955 domum,
170 1896 192 1942 si
202 1895 259 1944 libet
268 1897 339 1947 istud.
372 1897 425 1945 Du.
445 1895 552 1956 Chreme,
569 1899 631 1949 hune
646 1916 775 1963 assequere,
786 1904 812 1949 et
826 1903 1002 1951 contendentem
1016 1902 1048 1951 od
1063 1904 1156 1951 donem

54 1966 122 2007 tuom
140 1960 243 2021 retrahe,
260 1965 330 2020 alque
346 1960 434 2022 inhibe,
451 1964 507 2010 dom
522 1978 565 2025 ego
581 1966 626 2014 hnc
640 1981 717 2015 seruos
727 1965 811 2015 occiso.
846 1967 900 2015 Cn.
918 1967 1090 2028 Hucoccurre,
1100 1982 1158 2015 nom

54 2024 118 2071 eolus
134 2036 177 2082 ego
196 2023 256 2072 hono
273 2025 373 2073 retinere
389 2041 435 2073 non
449 2039 551 2088 possum.
584 2030 638 2077 Pn.
659 2031 712 2078 Uno
724 2031 781 2077 mihi
792 2036 868 2076 lecum
878 2028 973 2087 iniuriae
982 2029 1043 2077 ectio
1054 2035 1099 2090 est,
1112 2046 1157 2090 pro

54 2087 196 2134 contumelio
214 2103 284 2149 quom
300 2088 444 2148 mihisocie,
461 2091 587 2152 Demipho.
621 2093 674 2140 Cu.
691 2093 755 2152 Lege
772 2107 817 2151 age
831 2092 916 2150 igitur.
952 2093 1006 2140 Per.
1023 2091 1157 2141 Alleroest
1196 2134 1200 2140 ,

56 2154 140 2210 tecum,
154 2151 260 2198 Chreme.
294 2152 345 2199 Du·
363 2153 429 2212 Rupe
438 2154 499 2199 hune
509 2155 535 2200 in
545 2155 589 2212 jus
599 2155 746 2202 renitentem.
780 2156 835 2202 ΡΗ.
852 2155 1090 2203 ltonemolemecnm
1101 2155 1156 2215 ogi·

53 2213 105 2260 lis?
120 2218 182 2261 certe
193 2229 249 2275 opus
265 2219 300 2261 est
319 2221 345 2262 nt
363 2215 498 2263 clamitem:
517 2217 758 2275 Numistrolo‚foror
779 2218 897 2276 egredere.
932 2219 985 2267 Cir.
1005 2219 1107 2266 Occlude
1129 2234 1155 2266 os

53 2276 101 2324 illi.
135 2278 188 2325 Du.
211 2278 271 2326 Vide
287 2283 399 2340 qnantum
414 2278 505 2327 roboris
521 2281 641 2330 etoirinm
652 2280 882 2344 flagitiosusholrel.
917 2281 971 2329 ΡΗ.
989 2282 1156 2342 Nausistrata,

54 2341 267 2402 inquomtevoco.
301 2342 354 2390 Cre.
372 2342 518 2392 Nonlocest
551 2344 605 2393 Per.
625 2342 796 2392 Corteceumi
830 2345 881 2394 Du.
899 2343 958 2392 Nisi
968 2345 1084 2406 seqnitur,
1095 2360 1155 2407 pug-

53 2403 158 2516 audoin
166 2410 271 2514 ogntrem
281 2406 405 2461 tundenti
414 2408 506 2455 oculum
516 2411 631 2471 exmulpe.
666 2410 714 2457 Est
724 2408 783 2456 mihi
791 2408 879 2456 occario
890 2408 1025 2466 etsecnltas
1035 2424 1075 2458 eos
1085 2410 1155 2458 alcis·

55 2481 81 2515 re
115 2482 177 2529 ipro
193 2483 213 2516 e.

426 2579 432 2590 ,
516 2562 695 2584 tamum

53 2657 146 2706 ‘'Beru.
158 2657 302 2721 asyndeton
314 2657 433 2722 profert:
445 2666 472 2709 et
482 2673 529 2722 pro
541 2658 637 2720 hinc‚et
648 2659 670 2707 is
681 2660 756 2717 liber,
765 2669 793 2710 et
803 2659 873 2708 Vict.
884 2659 964 2708 habet
974 2660 1032 2707 hnc:
1042 2660 1092 2708 hoc
1103 2674 1157 2709 mo·

54 2720 89 2769 do
99 2737 106 2769 τ
120 2723 253 2786 Adsequere
260 2739 289 2770 oc
299 2724 375 2771 retine
384 2725 441 2772 dum
448 2738 492 2783 ego
502 2724 546 2771 huc
557 2737 636 2771 seruos
646 2723 731 2773 evoco!
743 2726 789 2772 Fa.
807 2724 915 2772 ‘Nostri
924 2738 1055 2782 omnee‚oc
1065 2725 1156 2776 retinet

54 2785 234 2848 duohuc,non
245 2785 412 2834 hinc.’Bent.
443 2787 531 2834 ‘Hinc
547 2787 855 2836 amnemamnem.
872 2787 963 2836 Codd.'
981 2788 1053 2837 Lind.
1084 2789 1156 2838 em·

53 2851 222 2911 quereremus
231 2849 465 2910 damhocegoBip.
498 2852 616 2898 Ads.rel.
632 2851 856 2910 aegomnsson.
890 2852 1006 2910 ‘Magna
1019 2853 1155 2912 parsMrs.

54 2921 84 2960 et
95 2913 212 2974 impresse.
223 2921 283 2978 post
294 2915 349 2961 ΕΡ.
366 2928 427 2961 coco.
447 2914 514 2963 Bod.
526 2911 621 2961 invoco?
637 2915 721 2962 West.
758 2915 819 2963 Voce
830 2916 875 2962 Br.
898 2917 984 2962 odooeo
996 2913 1085 2964 Guelf.
1099 2921 1156 2964 1.-

54 2980 89 3033 90
101 2975 233 3026 Hemsolos
240 2976 327 3028 Gnelf.
338 2981 363 3026 3.
397 2977 487 3027 ‘Bam
498 2978 558 3026 Bas.
568 2983 596 3024 et
609 2976 676 3025 vict.
689 2984 717 3026 et
729 2978 807 3040 aliqui
820 2979 872 3034 alii,
885 2993 914 3028 ac
925 2980 1053 3038 Donatus,
1063 2993 1109 3039 pro
1121 2985 1156 3041 et,

55 3041 128 3095 enim,
139 3042 201 3090 enim
211 3043 323 3091 habent:
348 3041 396 3088 soli
407 3055 469 3089 vero
487 3040 506 3088 ii
526 3041 576 3088 duo
588 3041 758 3103 antiquissimi
771 3043 839 3102 libri,
856 3042 883 3089 id
902 3049 943 3088 est
954 3043 1028 3091 Bem.
1041 3051 1069 3091 et
1085 3042 1156 3092 vict.

54 3103 102 3152 huc
112 3118 163 3153 uon
174 3106 286 3167 babent;
303 3105 342 3152 ita
353 3109 407 3152 stat
418 3112 677 3164 versus‚.transeunte
690 3113 773 3158 tamen
786 3104 861 3168 hujus
872 3105 956 3168 prima
967 3107 1068 3166 syllaba
1080 3105 1105 3153 in
1118 3108 1155 3154 ul-

56 3167 144 3215 timam
156 3168 348 3230 precedentis!
367 3167 413 3216 Fu.
445 3168 555 3216 ‘Nostri
567 3182 655 3216 omnes
666 3183 723 3216 cum
736 3169 802 3216 Edd.
820 3176 884 3218 vett.
897 3169 971 3216 Enim
981 3171 1043 3216 solus
1054 3185 1156 3231 nequeo:

53 3245 151 3280 occurre
161 3232 215 3288 huc.
241 3233 294 3280 Una
304 3232 424 3292 injuriosi.
459 3231 607 3295 Utrumque
619 3233 703 3281 versui
715 3231 855 3282 satisfacit:
872 3233 961 3294 placet
973 3241 1057 3281 tamen
1070 3241 1156 3295 poste-

55 3293 128 3343 rius!
150 3295 224 3344 Bcnt.
246 3294 322 3344 etsie
338 3295 456 3358 ‘Popma
478 3296 511 3344 ad
534 3297 620 3345 Plaut.
640 3297 718 3359 Epid.
742 3311 768 3347 v.
789 3300 815 3344 2.
838 3301 878 3346 36.
900 3297 968 3360 qnod
985 3296 1089 3346 ‘enim’
1114 3313 1157 3357 νε,

56 3358 156 3412 teribus
166 3359 243 3409 etiam
257 3359 330 3407 initio
342 3361 478 3407 sententia
491 3359 644 3409 adhibitum.
662 3367 754 3424 estque
772 3360 798 3408 in
816 3362 882 3410 Mss.
895 3361 1027 3424 plusculis,
1038 3368 1067 3411 et
1079 3361 1157 3411 editis

56 3423 186 3471 nonnullis
197 3423 335 3473 veteribus.
358 3421 401 3469 Sic
413 3422 480 3470 Hec.
492 3437 526 3471 ιι.
539 3427 562 3474 1.
572 3423 624 3472 413
644 3425 718 3474 Wert.
735 3433 762 3474 et
773 3426 810 3472 sic
819 3426 880 3487 Bip.
891 3426 970 3473 Both.
984 3427 1029 3475 Br.
1044 3439 1103 3473 mox
1112 3426 1157 3473 hnc

56 3487 156 3535 omittit
167 3487 228 3549 Bip.
259 3485 364 3535 estmilci
381 3483 470 3534 Guelf.
480 3490 566 3535 3.-91
590 3488 670 3535 Recte
691 3488 756 3535 vidit
775 3489 899 3548 Daceria,
917 3489 1006 3548 verba,
1022 3490 1073 3546 lege
1089 3488 1157 3547 egilo

55 3564 123 3610 ergo,
136 3565 193 3599 esee
204 3549 361 3614 Demiphoni
374 3549 517 3598 tribuenda.
550 3551 653 3599 Etenim
666 3551 787 3599 Phormio
799 3551 877 3598 verba
895 3564 942 3598 nno
957 3552 1069 3610 injurient
1081 3556 1157 3599 lecum

56 3615 160 3663 dixerat
172 3616 204 3662 ad
222 3616 411 3677 Demiphonem
423 3621 601 3664 accurrentem
619 3621 647 3663 et
666 3615 832 3663 retinentem.
865 3615 935 3676 Ergo
955 3614 1089 3676 probabile
1107 3623 1157 3671 est,

57 3677 169 3727 eundem
188 3680 381 3742 Demiphonem.
396 3677 553 3739 respondere
571 3679 621 3739 lege
632 3677 706 3739 egilo.
725 3678 756 3728 Z.
773 3678 811 3726 sic
822 3691 924 3741 quoque
936 3691 994 3725 curn
1008 3678 1090 3727 Codd.
1102 3680 1157 3741 qui-

57 3742 167 3796 busdam
185 3743 268 3792 voluit
278 3744 362 3792 West.
393 3741 465 3791 ‘Dte
476 3743 551 3803 Agilo
561 3743 613 3802 lege
624 3740 695 3803 crgo'
712 3742 790 3791 Both.
803 3743 956 3790 tacite—92
973 3742 1047 3790 Bem.
1059 3743 1093 3790 sic
1103 3743 1157 3801 ogia

56 3805 99 3866 tis,
112 3812 141 3854 ut
156 3812 183 3855 et
194 3805 421 3868 versus'exposcit.
439 3805 527 3854 Fe'c'rn.
561 3807 652 3854 Nostri
663 3819 750 3855 omnes
762 3806 925 3866 Itonapersu
939 3805 1064 3866 patiente.
1081 3806 1157 3855 Bent.

57 3869 100 3916 Sic
110 3871 184 3930 agitis
196 3869 256 3935 Bip.
288 3885 343 3918 noce
354 3869 469 3919 enimvero
480 3873 515 3917 est
528 3869 669 3918 Both—95
688 3869 777 3932 ‘Guy.
794 3871 820 3917 in
838 3866 970 3919 trentam
989 3870 1015 3915 ni
1033 3868 1158 3930 seqnitur?

57 3934 206 3986 west-96
223 3935 289 3983 GM.
301 3935 388 3994 oeulos,
400 3947 459 3982 mox
470 3933 561 3982 Rivius
573 3934 663 3982 laudat
674 3932 757 3985 Codd.
774 3933 818 3997 qui
831 3933 988 3994 Demiphoni
1006 3932 1062 3980 haeo
1079 3934 1158 3993 verba

59 3997 184 4047 tribuunt.
225 3999 323 4059 Magna
341 3997 464 4046 Codicum
483 4011 554 4060 pars,
577 3996 620 4046 Vel
629 3997 720 4045 endum
738 3999 854 4058 exrcnlpe.
871 3996 955 4045 West.
998 3995 1094 4044 Omnes
1106 3999 1122 4046 1.
1135 4013 1156 4047 s.

58 4070 157 4124 prater
167 4063 241 4111 Bern.
250 4063 356 4110 *exclude
367 4060 479 4119 babent;
502 4074 578 4124 quam
591 4066 619 4110 et
629 4075 714 4110 veram
726 4060 839 4110 arbitror
849 4061 989 4109 lectionem
999 4075 1006 4118 ;
1031 4068 1071 4108 est
1088 4062 1156 4109 enim

59 4124 167 4191 antiqua
178 4125 284 4188 locutio,
295 4126 417 4175 excludere
424 4126 520 4176 ecdem.
553 4124 664 4175 Plautus
676 4125 702 4174 in
714 4126 823 4175 Poenulo
835 4141 841 4173 :
858 4126 866 4153 ‘
878 4123 1017 4175 Excludito
1028 4124 1089 4175 mihi
1101 4120 1157 4174 her·¹
