2678 4694
321 309 636 358 unrnronrruort.
659 309 741 358 sor.
758 309 785 357 r.
806 308 858 358 se.
877 311 900 358 r.
1091 296 1160 362 553

57 456 217 522 Amicam
233 461 272 519 nt
284 456 410 520 habeas
421 475 526 539 prope
535 455 608 538 jam
623 457 656 519 in
670 457 785 520 uxoris
798 456 896 521 locot

59 558 175 635 Erras,
189 559 220 622 si
234 557 269 621 id
282 555 402 634 credie,
417 564 453 620 et
466 576 519 620 me
535 559 680 638 ignoras,
698 556 819 622 Clinia.

59 661 134 742 Ego
150 669 183 724 te
197 678 307 722 meum
321 677 398 721 esse
412 658 480 722 dici
496 660 659 740 tantisper
674 659 767 736 volo,

61 765 165 840 Dum,
182 762 273 845 quod
288 767 320 826 te
334 762 472 843 dignum
486 758 540 838 'st,
554 761 679 825 facies:
702 760 775 839 sed,
790 760 821 824 si
836 759 870 823 id
884 779 949 826 non
963 760 1059 840 iacis,
1098 762 1158 826 '5³

60 865 146 947 Ego,
160 863 252 948 quod
265 879 319 927 me
335 862 370 925 in
385 871 417 926 te
432 864 474 926 sit
488 863 600 926 facere
614 862 761 944 dignum,
777 862 942 927 invenero.

61 966 167 1030 Nulla
182 964 268 1029 adeo
284 984 328 1028 ex
342 967 477 1028 re-istnc
491 963 542 1040 fit,
556 966 621 1028 nisi
636 983 679 1028 ex
694 965 799 1029 nimio
816 965 897 1029 otio.

61 1067 145 1148 Ego,
161 1066 249 1129 istuc
263 1057 382 1143 aetatis,
397 1085 464 1129 non
480 1066 587 1129 amori
602 1084 740 1149 operam
752 1066 887 1144 dabam,

60 1166 131 1230 Sed
142 1167 179 1229 in
191 1165 310 1230 Asiam
326 1165 403 1229 hino
418 1166 485 1229 abii
500 1173 636 1249 propter
651 1168 861 1250 pauperiem3
882 1173 982 1252 atque
996 1169 1044 1234 ibi

60 1269 169 1332 Simul
184 1286 265 1345 rem,
280 1273 313 1331 et
327 1267 408 1330 belli
421 1268 567 1348 gloriam,
583 1269 684 1331 armis
700 1270 820 1350 reperi.
1114 1269 1158 1336 60

60 1370 237 1433 Postremo
251 1349 338 1434 adeo
353 1387 405 1431 res
420 1368 534 1434 rediit:
557 1370 837 1449 adolescentulus,

61 1472 163 1555 Saepe
178 1471 293 1534 eadem
305 1476 339 1534 et
353 1470 495 1552 graviter
509 1471 689 1550 audiendo,
704 1473 813 1538 victtrs
829 1478 890 1537 est.

62 1573 106 1636 Et
123 1580 227 1637 aetate
238 1573 371 1654 putavit
385 1592 453 1649 me,
466 1580 499 1637 et
514 1573 758 1652 benevolentia,

62 1675 147 1739 Plus
162 1674 249 1738 scire
265 1680 299 1737 et
315 1672 502 1755 providere,
517 1693 618 1756 qnam
631 1675 788 1757 seipsum
803 1676 878 1740 sibi.

61 1775 102 1840 ln
119 1776 240 1840 Asiam
255 1773 298 1838 ad
313 1794 425 1856 regem
439 1777 614 1842 militatum
630 1777 722 1856 abiit,
737 1777 885 1848 Chreme,
1117 1783 1162 1848 65

59 1994 173 2050 uidelicet
183 1999 210 2044 tri
221 1995 306 2047 liudem
315 1995 415 2047 ornicum
431 1997 481 2046 uice
498 1994 598 2046 uxoris?
615 1997 717 2047 Falleris
732 1997 839 2061 opinione
854 2003 905 2056 tuo,
923 1999 946 2048 si
960 2005 1033 2062 putus
1047 1999 1093 2048 tibi
1111 2000 1161 2048 ltoee

59 2075 103 2123 per
113 2075 150 2110 ιιιι
168 2061 248 2122 licere,
265 2077 306 2110 seo
323 2075 397 2109 meum
414 2061 477 2110 nosti
493 2063 643 2116 soluntutsm,
663 2062 751 2111 Clinia.
785 2063 839 2122 Ego
852 2064 902 2111 uolo
918 2068 942 2111 te
958 2063 1074 2112 soruiucri
1081 2064 1163 2127 fllium

60 2140 147 2185 merus,
157 2125 248 2174 interea
264 2127 319 2174 dum
324 2125 402 2182 jacies
412 2126 521 2190 officim,
535 2127 595 2188 quod
613 2129 637 2173 ic
652 2128 731 2176 decet:
751 2131 786 2187 ot,
796 2126 818 2175 si
828 2128 899 2177 talem
907 2141 954 2175 sorr
964 2132 987 2175 te
995 2133 1105 2192 prestas,
1116 2142 1160 2189 eqo

61 2188 201 2250 excogitabo
214 2189 248 2248 id,
265 2191 326 2253 quod
339 2191 460 2238 increatum
470 2194 494 2238 et
505 2193 640 2252 oeqtrumest
650 2204 766 2251 mergere
777 2194 858 2239 cosdro
869 2195 902 2240 te.
937 2192 1008 2239 Certe
1017 2191 1090 2253 istud,
1102 2192 1163 2252 quod

56 2252 132 2316 focis,
150 2268 182 2302 ex
198 2255 263 2302 uallo
281 2269 351 2303 muso
368 2252 483 2314 auxilio,
500 2259 658 2319 preterquam
673 2268 703 2302 ex
719 2255 809 2303 desidio
820 2254 927 2303 eiaimio
938 2255 1073 2304 remotione.
1106 2255 1161 2316 Ego

61 2332 114 2366 um
125 2333 200 2367 essem
217 2333 244 2366 eo
260 2322 340 2380 clete,
359 2333 404 2381 qua
421 2322 448 2366 tu
466 2332 499 2377 es,
517 2332 564 2366 nm
580 2317 728 2379 indulgebom
744 2319 828 2380 umori,
842 2320 883 2367 sed
893 2319 989 2367 discessi
998 2335 1029 2369 es
1037 2317 1120 2382 patric
1135 2320 1162 2368 ιἰι

61 2381 159 2443 Asiam,
170 2381 226 2445 quic
233 2397 322 2446 pauper
333 2396 407 2442 crum,
417 2387 486 2444 nique
497 2381 531 2430 ibi
545 2381 603 2430 milri
613 2381 726 2443 acquisivi
737 2382 810 2431 armis
819 2383 909 2445 puriter
918 2384 1016 2432 diritius
1026 2389 1049 2431 ei
1061 2384 1162 2434 laudem.

65 2445 339 2508 marmoreoque
354 2446 453 2495 deducio
463 2451 499 2495 est
507 2461 517 2502 ,·
533 2445 715 2495 adolescentulus
731 2446 877 2508 dqfotigutus
888 2448 943 2507 suit
958 2447 1067 2498 assiduus
1084 2447 1163 2507 olq’tsr·

61 2509 171 2571 goriam
181 2511 306 2571 audiendo,
325 2516 350 2560 rt
367 2511 446 2558 eudem
463 2509 532 2559 serm
545 2511 630 2570 groriu
642 2512 665 2558 st
673 2509 769 2573 probro.
802 2508 963 2560 Existimavit
975 2527 1011 2560 me
1022 2527 1049 2560 eu
1060 2524 1111 2575 quoe
1121 2513 1162 2561 de·

63 2579 114 2627 certi
125 2574 259 2635 intelligere
270 2574 361 2635 melius,
372 2579 395 2622 et
405 2573 491 2622 certius
500 2575 627 2635 consulere,
641 2588 693 2637 quoe
704 2588 716 2623 e
726 2589 752 2624 re
762 2589 806 2623 suo
813 2580 901 2637 ,esseut
911 2591 980 2639 quam
991 2575 1012 2624 is
1022 2575 1083 2638 ipse,
1093 2589 1162 2637 prop·

64 2643 206 2690 leretuiem
218 2653 301 2688 meum.
334 2638 458 2699 Profectus
473 2643 510 2688 est
526 2638 552 2686 iu
570 2638 652 2686 Asiam
668 2639 699 2687 od
717 2638 807 2700 Regem
819 2639 956 2704 Persarum,
971 2645 997 2690 ut
1009 2639 1163 2688 similitnret.

536 2795 703 2817 ”mu

65 2929 163 2972 careat.
196 2922 283 2973 ‘Pro’
292 2928 320 2971 et
331 2921 339 2950 ‘
350 2922 410 2984 per'
423 2922 564 2986 sepissime
584 2919 777 2972 confunduntur
795 2921 820 2969 in
832 2919 915 2969 codd’
931 2920 1070 2971 Bora-ru
1086 2923 1164 2986 virg.

63 2989 146 3037 uxoris
157 2988 192 3037 ie.
228 2985 311 3036 Abest
325 2987 351 3035 ιἰι
363 2985 451 3036 Guelf.
470 2992 559 3037 m-ss
577 2989 640 3035 Bac.
661 2987 770 3049 conjeci.
785 2984 860 3045 sucis.
895 2986 981 3049 Atque
1003 2998 1091 3034 verum
1113 2996 1164 3050 est,

65 3066 182 3114 praesens
193 3059 275 3113 temp.
285 3065 344 3099 cnm
355 3052 421 3100 Dum
428 3052 515 3113 jungi,
532 3050 675 3114 prasertim
687 3064 746 3098 cnm
766 3063 881 3113 praesens
903 3050 965 3098 item
984 3054 1165 3104 antecesserit.-

64 3117 198 3165 Part-st
217 3116 294 3177 Vulg.
306 3115 394 3165 uisiaex
404 3115 476 3166 nimio
485 3117 541 3164 otio.
576 3115 654 3164 Bent.
667 3112 780 3177 reponit,
794 3116 867 3161 nimio
878 3128 909 3163 ax
919 3114 975 3162 otio.
1009 3114 1050 3164 Itu
1062 3129 1165 3180 quoque

65 3181 136 3230 Peri.
171 3179 281 3228 Botirius
292 3179 367 3240 legit,
384 3179 419 3229 N.
434 3196 457 3228 u.
469 3195 500 3228 eu
510 3194 536 3227 re
547 3179 564 3228 i.
581 3179 654 3227 nimio
672 3180 720 3226 nisi
730 3178 767 3241 fit
784 3179 841 3227 otio.
876 3178 959 3227 Abest
978 3179 1025 3228 ruisi
1041 3182 1165 3232 mendose

65 3242 155 3293 (lueis.
171 3247 265 3292 2.-ῠῦ
283 3242 349 3293 GM.
366 3259 391 3305 p.
408 3257 460 3292 ιιι.
475 3244 602 3292 miserium.
618 3242 753 3292 Peri—60
770 3240 814 3290 Ita
832 3250 891 3305 post
908 3243 1060 3292 Goveanum
1077 3253 1104 3293 et
1118 3245 1164 3296 rs.

64 3309 196 3372 Gnyetns.
229 3307 332 3370 Vulgo:
348 3307 421 3355 ermis
431 3307 493 3357 belli.
511 3307 593 3356 West.
624 3307 708 3355 Arinis
718 3306 772 3355 letti
782 3306 846 3354 dunt
858 3307 903 3356 llr.
913 3308 991 3356 Bent.
1004 3309 1034 3356 Ζ.
1066 3309 1163 3372 Eugru·

64 3373 142 3434 plrins
153 3379 183 3419 et
193 3371 240 3420 Br.
252 3372 360 3431 babent,
375 3370 452 3419 Simul
463 3377 486 3420 et
496 3383 545 3419 rem
557 3378 580 3420 st
590 3371 701 3432 glorium.
736 3371 813 3419 Both.
828 3370 854 3419 S.
867 3385 960 3433 remque
974 3377 997 3419 et
1013 3372 1036 3420 b.
1052 3387 1079 3434 g.
1097 3389 1120 3422 a.
1141 3387 1165 3422 r.

63 3436 121 3484 ‘Idi
130 3436 203 3485 sim
213 3449 235 3483 r.
248 3439 271 3483 ct
279 3451 307 3496 q.
317 3449 340 3483 ιι.
351 3449 373 3483 r.
407 3435 483 3497 vulg.
494 3435 658 3498 idijnngitur
667 3450 702 3483 vs.
715 3434 804 3496 priori,
820 3435 863 3498 qni
882 3435 919 3484 sic
938 3435 1049 3486 excedit.
1082 3435 1165 3494 icitur

66 3499 129 3548 illud
148 3514 177 3548 se
198 3533 205 3547 .
224 3499 324 3547 initium
343 3513 400 3547 esse
414 3500 546 3562 jubemus,
562 3499 672 3547 delendo
691 3499 754 3559 belli,
778 3499 845 3562 quod
863 3513 1056 3561 supervacuum.
1091 3501 1166 3553 Veii.

64 3577 117 3613 ser.
128 3570 158 3613 et
168 3514 230 3612 eid.
242 3563 337 3612 babent
347 3562 421 3612 ermis
431 3563 499 3619 belliq
516 3561 679 3613 manifestum
691 3564 825 3625 glossema,
842 3578 856 3611 e
868 3565 918 3626 quo
931 3564 998 3614 Gor.
1010 3573 1037 3612 et
1049 3564 1095 3611 Fe.
1107 3576 1167 3626 pet·-

66 3643 157 3691 persm
175 3625 266 3676 fecere
282 3627 429 3689 vulgatum!
446 3627 505 3689 Bip.
539 3627 675 3690 ‘Repperir
692 3634 780 3687 tecte;
797 3640 847 3675 non
864 3627 956 3690 reperi'
973 3628 1107 3675 Peri-or
1124 3628 1170 3686 ,te

65 3693 91 3741 id
103 3706 151 3756 pro
163 3693 222 3741 odeo
233 3689 322 3740 Guelf.
336 3695 423 3740 1.-63
442 3691 543 3740 Putavit
554 3706 589 3740 me
599 3696 670 3740 utute
684 3698 707 3739 ei
724 3691 890 3740 benevolentia.
922 3691 1031 3753 Aliquot
1048 3690 1107 3739 libri
1127 3692 1166 3741 ita

66 3757 176 3817 habeut,
192 3760 315 3805 malote:
333 3754 401 3818 quod
412 3761 440 3803 ei
451 3755 587 3818 elegantiae
599 3755 729 3815 conducit,
745 3763 773 3804 et
784 3756 886 3804 verstri:
904 3769 953 3804 non
971 3755 1039 3803 enim
1058 3753 1165 3806 babebit

67 3828 171 3871 tuntum
181 3819 277 3868 hiatum
289 3837 296 3868 ε
313 3819 429 3883 quumvis
439 3826 466 3868 et
477 3820 514 3867 sie
526 3834 629 3932 quoqne
641 3833 691 3869 non
703 3819 835 3883 oportebit
847 3817 936 3868 facere
947 3818 1122 3881 synaloepbsm
1140 3822 1167 3871 in

65 3890 159 3935 mesi:
175 3889 204 3933 nt
216 3884 242 3931 iu
261 3883 375 3933 secunda
393 3883 455 3932 sede
474 3883 509 3932 sit
548 3884 664 3945 actylus:
683 3885 723 3933 rel
743 3892 817 3933 eerte
835 3882 1000 3932 dissolvenda
1020 3883 1072 3933 erit
1091 3884 1164 3947 dipr-

67 3949 190 4012 mongus.
208 3948 253 4000 Fu.
285 3947 460 3997 ‘Nostrifere
472 3961 570 4010 omnes,
586 3951 700 3998 statute.
733 3949 855 3996 Ceterum
874 3947 895 3996 si
913 3946 1012 3995 Bembo
1029 3947 1079 4011 ipsi
1101 3947 1165 4000 tides

66 4021 117 4076 est,
131 4011 217 4062 codex
229 4010 398 4071 sunslrabuit,
414 4017 436 4060 rt
447 4017 518 4061 utute
528 4016 551 4060 et
561 4011 687 4074 supientia.
719 4011 771 4060 Sed
784 4012 827 4062 Fa.
838 4010 881 4074 qni
902 4010 986 4059 codici
1003 4011 1040 4060 illi
1060 4013 1166 4063 nimium

68 4076 184 4138 furebat,
200 4077 251 4126 hoe
261 4074 353 4125 tacuit.
385 4075 476 4132 Recte,
493 4084 521 4124 ιιι
532 4089 630 4137 omnes,
646 4075 811 4124 immolentis.
846 4075 905 4124 Hoc
923 4075 995 4124 refer
1011 4076 1044 4125 sd
1062 4078 1165 4140 ‘provi-

68 4141 156 4204 dersq'
174 4139 286 4192 ‘atsto’
299 4140 334 4190 ed
345 4139 536 4193 ‘Plusrcire.’'
552 4141 626 4193 Βιιιι.
655 4140 761 4191 Putavit
777 4154 813 4191 me
831 4143 855 4190 st
872 4143 943 4190 utute
953 4140 1018 4191 daut
1028 4142 1075 4193 lir.
1085 4143 1164 4193 Beut.
