2678 4694
200 281 266 346 itt-2
578 292 609 338 e.
632 292 815 340 ruuuunrr
840 293 929 340 sunt

200 439 272 504 Ant
285 435 344 500 filil
358 439 551 518 peccatum,
566 439 625 497 aut
639 434 756 497 uxoris
771 441 921 513 mortem,
937 441 997 500 ant
1012 435 1172 498 morbum
1187 434 1289 517 filiaet'

202 538 400 604 Communia
420 556 497 600 esse
522 536 617 615 baec;
642 537 712 600 lieri
738 557 856 620 posse;
879 547 915 602 ut
940 557 983 600 ne
1009 537 1094 619 quid
1122 539 1238 602 animo
1260 538 1296 601 sii

329 658 464 704 novam.
1229 660 1236 668 ·
1260 639 1296 702 lt

200 741 372 825 Quicquid
388 746 508 824 praeter
530 763 623 826 spem
637 744 782 821 eveniat,
799 760 896 806 ornae
921 739 957 804 id
981 740 1152 823 deputare
1174 760 1250 805 esse
1267 742 1296 804 iu

200 944 267 1010 Gn.
291 842 507 1024 ombria,
524 943 720 1009 incredibile
736 949 797 1021 cst,
813 947 971 1026 quantum
986 940 1105 1006 berum
1121 948 1241 1008 anteco
1253 962 1297 1007 sa·
1334 934 1337 952 '

328 1045 471 1128 pientia.
1291 1099 1296 1105 .

199 1145 369 1211 Meditata
389 1147 470 1210 mibi
492 1152 568 1211 sunt
589 1145 701 1210 omnia
716 1165 793 1210 mea
813 1143 1049 1210 incommoda:
1072 1142 1181 1210 herus
1207 1147 1235 1210 si
1255 1165 1297 1210 re·

268 1300 271 1309 ,
329 1248 439 1326 dierit,

197 1402 274 1447 mente
284 1397 376 1453 ladem,
388 1397 588 1462 aatflliisaciaus
593 1396 687 1459 aliquod
695 1395 827 1465 iudignum,
835 1400 876 1445 cut
885 1393 968 1444 uxoris
976 1397 1095 1442 munuum
1106 1407 1170 1454 esse,
1181 1393 1297 1460 autfliaa

197 1461 224 1509 is
234 1462 338 1511 morbum
349 1462 475 1512 incidisse:
497 1462 546 1510 lroec
556 1462 687 1509 mommio
701 1475 751 1509 essa
764 1461 881 1517 onmitus,
896 1473 963 1523 posse
973 1459 1102 1516 mauors
1119 1463 1149 1506 ιιι
1159 1472 1191 1508 ns
1201 1459 1255 1522 pind
1264 1459 1298 1507 is·

196 1539 250 1573 rum
266 1531 377 1602 tauquam
398 1543 482 1576 meum
500 1542 528 1575 oc
545 1526 666 1573 insolitum
686 1539 738 1573 mm
755 1531 863 1587 occupet:
879 1523 991 1586 quiequid
1006 1527 1100 1585 prietes·
1119 1524 1298 1584 experimere·

197 1590 296 1653 maniat,
306 1593 331 1639 td
341 1597 441 1654 opponat
452 1593 526 1641 lucro.
547 1590 599 1640 Gn.
613 1591 635 1637 0
646 1589 767 1648 Pioedria,
778 1588 843 1637 credi
852 1604 899 1636 aon
907 1592 992 1650 potest,
999 1591 1088 1649 quarto
1100 1587 1188 1635 mrum
1197 1589 1298 1636 mecedo

194 1655 339 1717 prudentia:
355 1657 433 1705 omnia
442 1671 493 1705 msa
502 1655 563 1703 mala
580 1655 658 1704 orioro
667 1653 769 1717 precisa
778 1658 841 1716 suut,
852 1667 905 1702 crau
914 1653 985 1701 teras
993 1664 1105 1703 recusus
1116 1650 1213 1701 domum
1217 1650 1297 1715 land,

654 1785 837 1808 ”emuna

195 1889 261 1934 -ld
277 1884 310 1935 In
324 1884 416 1934 eodem
435 1885 511 1946 libro,
522 1884 559 1932 ita
577 1884 656 1932 etiarn
668 1899 758 1934 versus
775 1885 876 1934 ratione
895 1883 1028 1945 exigente,
1039 1883 1083 1946 qui
1105 1890 1151 1934 est
1161 1883 1295 1937 carmarita

195 1944 335 2011 Iambicus,
346 1947 489 2012 legiturfili
507 1962 554 2010 per
572 1963 650 1996 uuum
669 1948 716 1997 iin
728 1949 789 1998 tine.
805 1948 851 1998 Fa.
884 1945 971 2007 ·Fui,·
990 1947 1116 2010 ‘gaudi,'
1134 1950 1258 2012 ‘ingeni'
1272 1953 1295 1999 et

195 2012 297 2074 siurilia,
306 2018 333 2062 et
344 2013 459 2062 Terentii
478 2019 602 2073 statuet
614 2012 657 2059 diu
670 2021 763 2074 postea
781 2025 885 2075 semper
900 2011 1066 2061 dicebantur.
1087 2012 1165 2062 nent.
1198 2014 1247 2066 Qut
1264 2014 1294 2062 ils

195 2077 242 2126 dat
254 2092 312 2126 cum
332 2077 411 2125 Botb.
431 2076 503 2126 Pcrl.
523 2077 578 2125 Dat
599 2076 695 2138 Delplr.
714 2078 766 2126 sic:
777 2075 893 2141 filu-15
911 2077 947 2124 Et
958 2074 1019 2140 ficti
1034 2090 1107 2137 posse
1126 2077 1207 2127 Bodl.
1228 2077 1293 2128 Wsu.

139 2182 146 2191 ,
194 2140 248 2191 Hic
261 2155 349 2190 versus
360 2143 398 2189 ita
409 2156 425 2190 a
435 2141 474 2191 Μ.
494 2141 591 2201 Tullio,
603 2141 670 2188 libro
683 2142 761 2189 tertio
773 2141 979 2189 'l'usculanarum
990 2141 1191 2203 Quaestionum,
1200 2143 1293 2202 citatur,

193 2214 225 2255 nt
238 2206 341 2267 quidem
354 2206 450 2268 legitur
461 2206 485 2253 iu
498 2205 570 2253 libris
581 2204 697 2266 scriptis,
711 2205 850 2253 Communia
859 2218 907 2253 esse
918 2205 984 2261 leec,·
999 2204 1089 2266 nequid
1108 2205 1197 2254 boram
1206 2221 1293 2271 mun

192 2270 287 2318 acddnt
298 2271 375 2318 mimo
385 2284 488 2326 socum,·
505 2269 573 2333 qnod
586 2269 702 2332 quamvis
713 2269 788 2318 nobis
805 2269 916 2331 placeat,
927 2282 973 2316 nos
989 2275 1076 2316 tamen
1096 2269 1239 2320 lectionem
1248 2270 1292 2320 url-

194 2341 283 2397 gatam
296 2333 412 2382 Terentii
426 2346 476 2380 non
489 2340 632 2381 mutamus:
651 2333 711 2396 qiiia
720 2332 776 2382 fieri
795 2332 891 2396 potnit,
909 2338 939 2381 ut
949 2337 978 2381 et
988 2332 1084 2381 Cicera
1096 2334 1292 2384 memorianu-

192 2405 275 2452 retur,
287 2403 316 2445 et
327 2396 353 2444 in
363 2395 469 2445 citando
479 2395 605 2445 Terentio
616 2410 720 2444 sensum
735 2397 790 2460 ejus
802 2395 956 2455 reddiderit,
967 2395 1061 2445 melius
1071 2398 1157 2447 etiam
1167 2398 1292 2464 atqueele·

194 2461 299 2522 grntius
312 2473 387 2522 quam
400 2459 458 2521 ipse
475 2460 621 2508 Terentius.
642 2461 685 2510 Fu.
722 2461 861 2509 Communia
872 2475 922 2509 esse
940 2459 1066 2525 breufieri
1081 2467 1202 2526 posss,rd
1218 2462 1292 2528 nertii

192 2525 272 2579 auimo
282 2522 316 2571 sit
325 2525 420 2587 novom]
435 2523 479 2572 Sic
491 2522 605 2572 Fadruus
618 2524 693 2572 etsie
705 2525 774 2573 iibri.
807 2523 859 2572 Sed
868 2523 928 2573 ride
938 2525 1016 2573 modo
1027 2527 1201 2577 sententiam.
1234 2528 1291 2576 cis)

192 2589 274 2637 munia
284 2601 333 2636 csse
343 2587 403 2636 boc.
434 2587 464 2636 Si
475 2589 682 2647 communierunt,
695 2589 751 2652 quis
761 2587 866 2637 dubitet
875 2587 1024 2652 possederit
1041 2602 1142 2654 nempe
1152 2591 1292 2643 mussitet

185 2651 246 2716 fieri
262 2654 345 2712 solent,
356 2657 379 2700 et
392 2651 453 2715 ficri
467 2658 573 2713 possunt.
605 2650 648 2700 An
663 2653 770 2710 Noster,
786 2651 881 2701 mentis
897 2652 979 2716 siquis
995 2667 1125 2718 anquam,
1137 2656 1206 2706 bene
1224 2669 1291 2717 sure,

192 2721 253 2780 post
263 2715 326 2765 illud
336 2717 385 2764 boc
398 2715 548 2764 intulisset?
565 2729 628 2764 cave
640 2716 741 2774 credas,
751 2716 794 2765 uel
804 2716 883 2765 etiam
899 2715 1050 2779 suspiceris.
1084 2718 1193 2770 Iterum
1206 2725 1291 2785 praru

191 2787 234 2833 est
244 2780 318 2828 nobis
336 2780 439 2837 Cicero,
450 2779 492 2842 qui
509 2793 595 2828 veram
613 2779 754 2829 lectionem
773 2780 901 2829 servavit:
920 2780 1124 2832 conmissae
1135 2784 1205 2834 bec:
1219 2782 1291 2848 nequid

190 2842 275 2892 iorum
285 2858 388 2907 uuquom
397 2845 489 2892 ocddat
506 2844 584 2891 nabao
594 2858 686 2893 nouom.
718 2845 804 2900 Hanc,
814 2843 929 2907 inquam,
939 2857 1028 2892 reram
1039 2858 1099 2895 esre
1111 2848 1156 2896 vel
1170 2847 1244 2912 Apod

191 2906 246 2956 sire
266 2908 381 2957 redditio
399 2906 476 2956 Getae
498 2907 623 2969 ostendit,
638 2922 674 2957 vs.
694 2911 735 2957 20.
768 2907 863 2971 ‘Opus
885 2907 939 2957 ruri
960 2907 1137 2961 faciundum:
1157 2913 1248 2967 borum

190 2972 329 3085 ἓιιίοῳιεπι
349 2971 452 3021 accidet
469 2972 553 3020 animo
571 2970 684 3021 novom!
715 2971 768 3021 Sed
787 2986 867 3034 sagax
887 2971 936 3020 sibi
953 2973 1022 3020 risus
1041 2980 1086 3024 est
1106 2975 1291 3039 &inmunem

215 3036 345 3086 iseronem
356 3036 411 3084 aiat
422 3036 513 3084 melius
524 3033 594 3084 forte
612 3042 640 3084 et
659 3036 803 3097 elegantius
814 3036 871 3085 baec
890 3034 1002 3096 dedisse,
1031 3050 1094 3087 narn
1107 3039 1196 3104 ipsum
1206 3041 1290 3092 Teren·

190 3100 265 3149 tium.
298 3100 381 3150 Immo
393 3099 426 3148 de
436 3100 566 3162 elegantia
577 3114 610 3148 ne
622 3099 741 3149 Ciceroni
754 3099 857 3165 quidem
866 3099 917 3163 ipsi
925 3050 1050 3150 concedit
1062 3101 1179 3155 Noster.
1206 3104 1290 3155 Vsum

189 3159 239 3212 lrcc
253 3178 321 3213 nunc
332 3178 384 3212 uon
405 3164 500 3226 agitur,
512 3171 599 3212 utrum
615 3164 755 3212 Terentius
772 3164 856 3213 minus
876 3165 1018 3227 eleganter,
1030 3164 1078 3213 red
1092 3181 1128 3216 an
1139 3168 1290 3234 insipienter,

188 3223 288 3286 inepte,
300 3242 330 3276 ae
342 3226 434 3274 stolide
447 3228 548 3276 locutus
558 3227 601 3278 eit.
618 3228 693 3278 Bcut.
720 3227 863 3278 Reddimus
874 3235 934 3291 post
942 3228 1021 3277 Beni.
1037 3229 1110 3281 bunc
1121 3246 1162 3284 rs.
1174 3247 1233 3284 cum
1242 3231 1289 3290 cte

190 3289 277 3338 verius
289 3298 316 3338 et
329 3291 470 3351 pulchrius,
481 3304 555 3352 quum
565 3291 590 3337 in
603 3290 674 3338 libris
682 3292 802 3341 'ferentii
812 3293 909 3356 legitur
918 3299 946 3341 et
953 3291 1033 3355 vulgo
1044 3293 1147 3348 editur.
1176 3295 1290 3349 Abundat

189 3352 319 3416 eaneflcci
327 3367 409 3414 posse:
446 3355 494 3400 uod
507 3367 521 3399 e
540 3353 626 3414 glossa
647 3355 763 3404 additum
776 3355 897 3406 videtur:
916 3363 974 3412 tumv
984 3357 1080 3407 melius
1093 3361 1254 3424 respondent
1268 3361 1289 3408 ir

188 3417 301 3467 lectione
313 3417 368 3464 Cic.
389 3430 432 3464 ver
453 3431 468 3462 a
485 3417 559 3464 Getae
578 3432 615 3466 vs.
633 3423 675 3468 2⁰.
694 3418 754 3482 Rip.
782 3421 859 3532 Hesp
873 3419 917 3469 Al.
933 3424 966 3469 et.
987 3419 1132 3473 Peru-ru
1148 3426 1248 3490 Depsta
1261 3422 1288 3474 d.

192 3483 265 3531 Wsst.
283 3479 382 3542 Euenit]
399 3481 475 3539 Vale.
487 3483 682 3540 eueniat,uriuus
693 3492 774 3532 recte.
792 3485 841 3533 Bet
861 3487 933 3534 .·-17
951 3483 1048 3538 Quanto
1059 3485 1288 3554 Mss.1.ips.etld.

188 3560 247 3595 cnm
262 3546 318 3595 ΕΡ.
336 3547 408 3595 West.
437 3544 542 3608 Quanto]
562 3546 596 3596 0.
608 3548 625 3597 l.
636 3563 659 3596 s.
676 3557 774 3611 praetar
784 3548 818 3599 V.
828 3555 856 3598 et
872 3548 933 3598 Bas.
951 3547 1195 3612 habentosmntm:
1209 3561 1242 3604 ut
1255 3554 1288 3610 sit,

86 3660 89 3666 ,
187 3616 301 3673 wantum
318 3616 408 3661 anteco.
441 3611 509 3658 Sane
523 3616 603 3660 anteco
623 3626 670 3673 pro
690 3617 806 3672 antaeum,
827 3613 947 3662 Donatus
968 3614 1090 3675 exponit.
1107 3617 1158 3668 Fa.
1193 3617 1288 3669 Codices

187 3675 270 3723 nostri
289 3679 378 3724 anteco.
412 3674 464 3722 Sed
475 3675 607 3724 Donatus:
625 3677 767 3724 ‘Anterum
802 3677 911 3740 Legitur
922 3682 949 3725 et
964 3681 1062 3726 antem
1080 3680 1131 3729 sed
1148 3682 1287 3746 pronuntia·

187 3739 270 3788 tivum
281 3744 430 3802 anteco,pro
449 3739 616 3801 conjunctivo
633 3739 756 3788 antaeum)
788 3740 856 3789 Sane
869 3742 890 3789 si
902 3741 975 3802 leges
991 3740 1139 3794 iacredebils
1154 3751 1286 3810 est,eonse·

187 3817 269 3864 quiens
286 3805 337 3851 erit
353 3810 382 3851 ut
400 3807 506 3851 anteeant
525 3804 606 3864 legas.
640 3802 691 3850 Sed
712 3818 819 3867 repone,
837 3805 860 3852 0
879 3804 1006 3865 Pltoedria,
1024 3806 1286 3876 incredibile-ousian

187 3866 269 3916 lterum
287 3874 368 3916 outeeo
383 3868 508 3929 sapientia.
542 3866 682 3915 Incredibile
699 3874 811 3930 pisaurum
830 3869 958 3929 absolute,
975 3876 1004 3917 ut
1022 3870 1146 3922 ‘Mirum
1156 3871 1287 3940 quantuni

187 3931 195 3955 ⁸
209 3930 325 3980 Nimium
338 3930 480 3995 quantum,’
491 3932 498 3958 ‘
511 3931 626 3979 Immune
637 3931 776 3995 quantum'
793 3933 868 3981 Brut.
901 3933 983 3982 Recte
995 3935 1124 3986 emendat
1138 3939 1221 3990 Beat.
1236 3939 1286 4001 Rip·

187 3992 233 4039 Est
246 3995 370 4043 omittunt
381 3996 426 4044 Br.
438 3994 517 4044 Both.
552 3996 645 4051 Quanto
663 3995 726 4044 dant
743 3995 963 4057 Br.Delpln-18
980 3996 1060 4047 Bent.
1082 4000 1131 4051 dat
1141 4004 1286 4064 tarmis,

187 4055 287 4123 lterusd
304 4060 417 4108 redierit:
435 4060 496 4108 Mol.
508 4060 547 4118 ξε.
567 4059 628 4123 Bip.
646 4060 806 4109 incommoda:
821 4060 886 4109 lteru’
905 4059 928 4111 si
946 4060 1048 4110 redimit
1054 4077 1064 4119 ,⁶
1083 4065 1146 4117 Mol.
1166 4071 1210 4132 qe.
1223 4068 1286 4118 Perl-

187 4119 339 4184 tmommoda,
350 4123 451 4172 berturi
468 4123 577 4186 redierit,
590 4125 651 4174 Mol.
668 4126 710 4186 dre.
733 4126 779 4172 Br.
795 4124 947 4176 incommoda.
980 4125 1100 4178 Herussi
1114 4132 1218 4183 redisrit
1234 4131 1286 4182 Mel.
