2678 4694
444 333 606 383 necrurn
630 337 713 384 scr.
731 339 784 386 nr.
809 340 860 389 sc.
879 341 899 387 ι.
1148 328 1212 394 8111

417 569 572 638 Aenus
596 573 664 638 111.
696 575 864 641 ‘scuni
889 577 916 642 r.

306 770 537 820 munibus.
574 773 767 822 PARMENO.
805 776 1027 827 MYRRHINA.

114 869 221 934 Prin.
234 869 388 936 Nnrsrur
399 892 458 955 ego
470 873 566 956 plura
580 877 700 940 acerba
712 896 788 941 esse
800 880 898 944 credo
909 898 1073 945 examore
1086 881 1210 947 bomini

249 992 395 1055 unquam
411 975 536 1052 oblata,

114 1072 230 1153 Quam
243 1074 342 1139 mibi:
364 1076 430 1140 hen
451 1096 505 1141 me
527 1077 710 1145 infelicem!
733 1079 892 1146 hanccine
918 1101 980 1165 ego
996 1083 1097 1147 vitam
1114 1083 1210 1166 parsi

247 1177 409 1260 perderet

113 1275 273 1342 Haecine
287 1297 393 1344 causa
412 1297 473 1361 ego
495 1299 585 1344 eram
606 1289 780 1365 tantopere
806 1284 950 1368 cupidus
973 1285 1136 1350 redeundi
1151 1287 1210 1351 do-

246 1399 336 1442 mum

114 1478 190 1545 Cui.
200 1490 327 1564 quanto
338 1428 448 1547 bremt
462 1484 700 1566 preestabilius,
725 1486 836 1551 ubivis
850 1489 997 1570 gentium
1014 1507 1112 1572 agere
1126 1495 1209 1556 0310-

243 1591 313 1648 iem

114 1683 230 1762 Quam
253 1633 325 1750 hnc,
340 1684 473 1751 redirel
496 1695 596 1772 atque
621 1687 699 1753 haec·
717 1691 764 1754 itn
790 1708 876 1769 esee,
903 1692 1063 1757 miserum
1084 1711 1137 1757 me
1158 1712 1209 1758 re-

246 1789 416 1852 sciscerel
1188 1796 1210 1859 5

112 1885 209 1952 Nam
222 1907 285 1954 nos
299 1908 422 1967 omnes,
434 1891 557 1976 quibus
571 1899 625 1956 est
637 1893 788 1958 alicunde
800 1895 922 1978 aliquis
934 1896 1087 1980 objectus
1097 1897 1208 1974 labos,

145 2096 224 2146 Pru.
243 2096 314 2146 Nuus
329 2097 447 2146 bominem
458 2102 539 2162 plnres
556 2104 703 2154 calamitates
718 2109 742 2152 et
759 2103 876 2152 molestius
891 2104 960 2151 eredo
970 2103 1000 2151 nb
1011 2117 1089 2151 umore
1107 2118 1210 2166 unquam

97 2162 201 2210 citasse
218 2176 274 2216 esse,
291 2177 361 2224 pedm
379 2163 446 2213 mibi.
483 2165 536 2213 Hes
555 2183 591 2215 me
609 2167 738 2216 miserum!
754 2173 850 2215 inuisere
870 2182 924 2214 rnre
942 2167 1002 2224 ceni,
1018 2181 1047 2213 ne
1063 2167 1123 2214 isene
1134 2170 1215 2216 ollem.

109 2228 249 2274 nns'iteremr
260 2227 287 2274 in
297 2226 399 2275 itinere?
414 2228 454 2277 An
470 2235 566 2292 propin·
576 2232 635 2280 bone
645 2246 738 2280 censum
748 2236 814 2278 tonte
823 2231 952 2293 cupititate
963 2231 1123 2278 desiderabam
1132 2231 1211 2279 redint

109 2292 225 2347 domem
241 2305 294 2338 esem
300 2292 360 2339 milri
369 2292 538 2351 setinsfnisset
547 2297 574 2344 in
584 2297 685 2358 quolibet
693 2297 741 2343 nti»
750 2297 799 2343 loco
809 2298 883 2343 eitum
894 2296 1024 2352 traducere,
1036 2310 1103 2357 quem
1114 2297 1140 2344 in
1151 2295 1215 2343 berse

108 2356 193 2402 eedem
203 2355 309 2412 κακὴ·
325 2371 395 2417 quom
404 2357 453 2404 100
463 2360 525 2406 neuin
535 2361 651 2409 sidentem
661 2360 803 2421 intelligere,
814 2375 883 2421 quom
893 2360 938 2407 sim
947 2357 1126 2418 infortunatus?
1144 2361 1214 2408 Nam

109 2433 153 2468 nes
163 2432 253 2481 mee,
269 2419 352 2484 quibes
365 2421 445 2484 clipeo
463 2435 494 2470 ex
510 2424 567 2486 loco,
583 2427 621 2473 oei
638 2424 756 2473 occasione
766 2423 922 2483 infortunium
931 2426 1035 2486 nisenii,
1050 2430 1140 2488 tempere
1149 2427 1213 2487 qnod-

569 2573 752 2593 §mutuo

143 2691 158 2736 1
177 2685 256 2734 Piero
266 2700 309 2749 ego
321 2687 365 2735 Br.
377 2686 447 2735 Peri.
460 2686 535 2737 Bodl.
548 2688 615 2738 niter
625 2704 640 2738 0
651 2690 716 2738 Mse.
727 2689 809 2736 Boeei.
830 2688 896 2736 alter
913 2687 1012 2736 omittit
1030 2701 1092 2747 ego,-
1108 2687 1208 2737 1100010-

109 2751 179 2800 rtem
189 2763 278 2800 omnes
288 2752 357 2800 credo
368 2766 425 2813 esse,
438 2758 466 2799 et
478 2753 516 2801 sie
528 2753 573 2801 Br.
601 2754 693 2816 Delplt.
706 2755 765 2815 Bip.
778 2755 847 2802 Peri.
858 2766 906 2800 esse
915 2756 999 2806 credo‚·
1016 2752 1061 2800 Br.
1074 2750 1212 2810 bominum:

109 2817 181 2879 Guy.
191 2828 267 2864 voces
274 2815 363 2864 bomini
371 2831 472 2878 unquam
480 2830 527 2878 pro
537 2817 571 2879 gl.
581 2818 670 2878 babet,
682 2816 791 2880 improb.
805 2817 942 2866 West.-l.
952 2820 966 2864 2
976 2816 1074 2863 Peioris
1084 2829 1120 2865 rs.
1129 2816 1214 2866 verbs·

109 2880 157 2931 stit
175 2877 238 2927 libri
255 2880 346 2943 scripti
359 2881 435 2929 aliter
452 2883 595 2942 collectum
613 2883 658 2931 sed
679 2897 725 2930 nos
744 2882 873 2944 antiquam
889 2881 1024 2929 lectionem
1037 2888 1065 2928 et
1075 2880 1211 2931 Donatum
1315 2888 1317 2895 ⁴

108 2956 261 3010 sequemur,
280 2944 306 2993 in
326 2941 416 3009 qnib‘ns
434 2944 483 2993 boc
502 2953 602 2994 tantum
614 2947 647 2994 ub
663 2947 787 3008 impressa
799 2947 911 2994 lectione
922 2945 1045 3003 varietur,
1061 2943 1129 3007 quod
1140 2945 1166 2993 in
1178 2945 1209 2994 iis

108 3009 251 3071 esu-eredo
265 3022 331 3057 esse.-
348 3023 408 3058 ssne
420 3009 461 3058 bic
474 3024 571 3071 versus,
587 3019 723 3060 contracto
735 3011 760 3058 in
773 3025 847 3058 unam
859 3008 983 3073 syllabam
996 3009 1146 3071 pronomine
1155 3024 1208 3070 ego,

108 3074 190 3123 tenne
199 3073 288 3120 nemin
303 3087 346 3135 ego
358 3076 393 3122 sit
403 3073 530 3136 dactylus,
548 3081 589 3123 est
606 3075 728 3124 trocbnie.
741 3082 844 3124 tetram.
855 3075 994 3122 acatalect.
1010 3073 1138 3135 posterior
1149 3088 1214 3122 vero·

108 3151 211 3199 versus,
228 3136 343 3187 dictione
359 3138 418 3186 mibi
432 3140 607 3202 monosyllaba
624 3138 727 3202 effectu,
744 3140 886 3202 eidemque
899 3137 1213 3200 00001001000110001110,Ι

108 3209 139 3252 et
149 3202 210 3264 ipse
220 3201 364 3251 trochaicus
385 3209 434 3262 est,
451 3204 618 3253 catalecticus
640 3211 736 3266 tamen,
754 3212 783 3253 nt
801 3209 956 3268 sequentes:
976 3211 1082 3266 qtrnrtns
1101 3211 1161 3251 vero
1180 3210 1213 3252 et

108 3266 168 3330 ipse
189 3264 315 3314 trocheic.
333 3268 454 3315 catalect.
473 3269 677 3317 coalescentibus
697 3271 723 3317 in
742 3283 819 3317 tinam
839 3267 961 3331 syllabam
973 3266 1073 3316 duabus
1084 3268 1209 3316 extremis

108 3329 218 3394 syllabis
228 3328 254 3376 in
266 3343 330 3378 voee
339 3331 453 3390 gentium.
471 3331 517 3381 Fa.
549 3333 649 3382 Nemini
660 3349 702 3394 ego
718 3335 788 3396 plura
806 3333 888 3382 neeric
905 3334 971 3380 eredo
987 3346 1044 3381 esse.
1077 3331 1119 3380 Sic
1136 3331 1220 3381 dedit.

107 3394 236 3444 Fuimus.
268 3393 359 3443 Nostri
370 3397 437 3442 eredo
448 3410 514 3452 esee;
531 3398 575 3444 sed
588 3397 664 3446 iidem
677 3399 754 3448 Plnro
765 3413 814 3458 ego.
848 3398 964 3458 Reponi,
976 3395 1152 3458 Nemini-pluro
1163 3410 1208 3456 ege

108 3458 196 3508 sembn
213 3457 282 3505 credo
292 3472 349 3507 esse.
384 3458 483 3507 Nemini
503 3462 686 3518 pronuntiatur
703 3463 745 3510 bic
763 3457 919 3521 δισυλλάβως,
939 3460 1013 3523 qrresi
1032 3471 1100 3508 esset
1111 3460 1208 3507 Nemori.

107 3523 154 3572 Sic
166 3522 256 3570 Pleni.
268 3521 342 3570 Poen.
352 3536 378 3572 v.
389 3525 414 3571 6.
428 3528 466 3571 11.
476 3522 484 3548 ⁴
495 3522 632 3571 Neminem
645 3525 741 3582 venire,
753 3526 795 3586 qui
806 3527 870 3572 istas
882 3524 1016 3573 adsereret
1028 3521 1122 3570 mann!
1132 3521 1207 3570 Beni.

110 3586 214 3636 Nemini
229 3586 311 3634 acerbe
328 3600 372 3646 ego
389 3588 458 3649 plum
475 3587 543 3635 eredo
560 3601 609 3634 esse
625 3587 753 3636 Boin-n
773 3587 880 3635 Pendere
896 3588 921 3634 in
940 3593 1024 3643 textu,
1041 3592 1069 3632 ot
1085 3597 1132 3646 pro
1152 3599 1207 3635 var.

109 3652 171 3701 lect.
190 3651 296 3712 perdere.
304 3651 399 3700 lin-n
415 3653 490 3699 Eram
505 3665 548 3711 ego
562 3659 669 3714 propter
680 3658 815 3699 accentum
826 3652 902 3698 Bent.
920 3648 1206 3711 cenomanensem.

109 3719 159 3764 -4
176 3715 230 3764 1110
242 3727 339 3776 versus,
354 3717 500 3764 octonarius
513 3716 612 3777 plenus,
628 3716 782 3765 Trochaicns
795 3729 898 3777 semper
907 3722 957 3773 est,
973 3727 1096 3776 nusquam
1113 3712 1208 3761 lembi·

110 3795 175 3840 cus3
193 3778 244 3827 nisi
256 3777 309 3841 ubi,
322 3781 412 3841 uthis,
424 3781 543 3828 mendum
555 3779 694 3842 subrepsit.
727 3780 800 3828 Tolle
819 3779 881 3828 illud
901 3778 954 3838 Cui,
973 3783 1000 3826 et
1012 3777 1137 3825 substitue
1148 3776 1208 3827 An.-
1288 3826 1293 3831 ,

110 3844 226 3894 redeundi
236 3844 336 3891 doenum.
348 3844 390 3905 ub,
410 3844 503 3898 Qnsnto
515 3845 613 3904 fueret:
630 3858 680 3906 quo
698 3853 774 3905 pecto
794 3851 822 3892 et
838 3849 929 3904 metro,
946 3847 973 3889 et
989 3840 1118 3904 loquentis
1132 3840 1208 3890 simul

111 3908 218 3958 effectui
230 3909 281 3955 vim
293 3912 321 3956 et
332 3909 450 3970 spiritum
461 3907 549 3957 addes.
580 3909 624 3956 Sic
636 3907 717 3956 Andr.
729 3922 761 3957 ιι.
774 3910 798 3956 1.
807 3912 832 3956 t.
848 3907 924 3956 ‘Nisi
939 3906 1123 3953 Philumenam.
1157 3906 1206 3966 Ab,

112 3974 221 4024 Quanto
237 3970 344 4021 satiust!
364 3973 438 4021 Beni.
458 3972 520 4020 illud
536 3973 568 4020 ob
586 3986 633 4021 nee
654 3971 721 4020 unde
739 3985 789 4019 nee
808 3971 975 4035 quemobrem
991 3970 1053 4018 scio.
1071 3970 1139 4019 Peri.
1153 3972 1211 4030 seit·

115 4037 199 4087 110011.
208 4039 293 4086 2.-3.
302 4040 327 4084 4.
340 4041 354 4085 5
365 4037 424 4085 Hoc
436 4037 570 4085 tristiclron
582 4038 621 4085 ite
633 4037 659 4084 in
670 4036 737 4084 notis
748 4037 798 4098 legi
807 4036 885 4098 jubet
896 4035 972 4083 Roth.
995 4033 1127 4096 Hmneego
1136 4050 1209 4085 censo

113 4099 394 4229 imiimi
405 4101 563 4230 ’011ῖῖ1
575 4098 865 4217 im*
874 4100 1209 4228 ”inimicitie

1055 4326 1064 4358 Ι
