2678 4694
367 271 541 328 nunucrtr
568 279 653 329 sor.
671 279 705 357 v„
728 279 782 330 sc.
800 279 855 328 rx.
1094 261 1160 327 527

55 413 171 486 Nemo
187 420 299 485 hercle
313 422 520 506 quisquam
551 440 630 488 nam
650 424 686 487 in
707 442 762 488 mc
782 422 883 506 plano
899 421 946 487 Di
960 428 1161 506 potestatem

188 541 285 585 suam

56 622 201 687 Omnem
214 623 410 705 ostendcrc3
432 624 489 689 cai
499 630 567 689 tam
577 627 692 692 subito
702 634 754 693 tot
765 627 964 710 contigerint
972 627 1159 700 commoda.

56 725 126 791 ΡΑ.
150 724 244 802 Quid
258 725 315 790 hic
330 726 433 791 laetus
448 728 521 792 esti
566 726 634 793 Cn.
657 728 687 792 Ο
704 728 871 794 Parmeno
890 729 949 807 mi,
973 748 995 793 o
1011 748 1160 795 mearum

186 824 398 909 voluptatum
410 829 559 893 omnium

55 927 230 1005 Inventor,
241 930 405 1014 inceptor,
420 931 604 1015 perfector!
627 930 710 997 scin’
734 951 789 997 mc
803 933 838 997 in
861 932 985 1016 quibus
999 931 1063 997 sim
1078 952 1160 1015 gau·

188 1030 285 1095 diis‘t
1134 1035 1158 1100 b

54 1131 135 1196 Scis
159 1131 372 1214 Pamphilam
397 1153 507 1198 meam
536 1136 706 1200 inventam
736 1136 871 1201 civsm‘t
904 1134 995 1200 Pa.
1016 1134 1158 1202 Audivi.

188 1233 256 1299 GH.
279 1235 355 1299 Scis
370 1254 533 1318 sponsam
548 1236 653 1300 mihil

55 1334 126 1400 ΡΑ.
150 1335 256 1414 Bene,
271 1336 320 1400 ita
327 1355 382 1400 mo
397 1337 445 1401 Di
458 1343 579 1416 ament,
590 1339 727 1403 lactum.
764 1339 838 1404 GN.
861 1337 986 1405 Audin'
1000 1347 1036 1406 tu
1051 1339 1158 1419 illum,

187 1439 268 1521 quid
282 1439 355 1503 alti
399 1438 468 1504 Gn.
490 1440 576 1505 Tum
593 1447 706 1505 autam
722 1440 888 1506 Phaedriae

57 1537 139 1603 Meo
167 1539 260 1606 fratri
297 1542 428 1623 gaudeo
464 1562 611 1607 amorem
632 1561 709 1606 csso
737 1561 869 1607 omnem
892 1543 927 1607 in
958 1542 1158 1626 tranquillo:

185 1661 255 1707 una
267 1639 311 1706 ’st
325 1642 456 1708 domus.

15 1790 23 1836 3
55 1741 163 1807 Thais
177 1741 266 1826 patri
281 1763 319 1808 se
335 1744 583 1808 commendavit
598 1746 632 1807 in
645 1746 837 1810 clientelam
852 1753 885 1812 et
899 1747 1021 1828 fidem;

56 1958 201 2007 Hercukm:
210 1971 266 2006 narn
275 1957 302 2007 in
312 1971 349 2006 me
359 1958 451 2008 omnino
462 1957 509 2007 Dii
517 1960 631 2022 specimen
640 1959 754 2009 dederint
762 1975 813 2009 sua
823 1961 947 2023 potestatis
953 1977 964 2018 ,·
973 1962 1012 2010 cai
1022 1963 1071 2010 tam
1081 1962 1159 2012 mbito

57 2028 91 2072 tot
106 2023 180 2072 sinml
199 2027 223 2071 ct
240 2023 356 2072 cumulate
373 2022 433 2071 bona
450 2024 608 2085 contigerant.
651 2024 701 2074 ΡΑ.
719 2024 874 2079 Quamobrem
891 2025 930 2074 bic
948 2025 1035 2074 latitia
1050 2028 1161 2075 cauum

57 2088 107 2137 Cra.
128 2089 152 2135 0
165 2087 282 2136 Parmeno
299 2086 343 2147 mi,
359 2103 373 2135 o
390 2087 492 2135 maniam
509 2103 612 2137 mearum
624 2089 769 2150 voluptatum
779 2090 896 2149 incentor,
908 2091 1022 2151 inceptor,
1032 2089 1160 2152 perfector,

55 2152 129 2200 ansae
137 2151 223 2214 qrribas
232 2151 324 2199 mando
333 2151 448 2213 gaudiis?
463 2151 545 2201 Scitne
555 2152 708 2214 Pamphilam
716 2167 791 2201 meam
801 2156 909 2214 agnitam
915 2154 995 2213 faisse
1004 2153 1079 2202 cioem
1090 2152 1159 2201 Atti·

56 2222 122 2265 camt
158 2219 208 2265 Pr.
226 2215 345 2264 lancelini.
378 2216 431 2265 Cn.
448 2215 532 2265 Somne
545 2217 684 2279 promissam
700 2218 760 2266 milri
777 2218 804 2266 in
820 2222 935 2266 oaorem?
967 2219 1018 2266 ΡΛ.
1035 2218 1112 2273 Bene,
1123 2217 1161 2269 ita

56 2295 90 2328 me
101 2281 354 2340 Diiarnent,sactum.
388 2279 442 2328 Gn.
460 2281 573 2338 Audias,
584 2281 682 2340 Thraso,
694 2282 750 2342 quid
765 2282 805 2330 ille
820 2281 900 2333 dicit?
933 2281 986 2331 Cn.
1006 2282 1065 2331 Tum
1080 2285 1160 2330 autem

54 2347 155 2406 gaudem
170 2344 289 2393 Pliadria
294 2343 373 2403 fratri
384 2359 434 2392 mec
445 2358 534 2393 omnem
545 2358 647 2392 amorem
663 2358 693 2391 erc
708 2348 757 2392 toto
773 2347 914 2407 acquisitum
923 2361 973 2395 esse
982 2347 1035 2396 sinc
1044 2351 1109 2396 meta
1119 2361 1160 2395 crc-

52 2408 162 2474 iasguam
172 2409 266 2458 rivalis
303 2411 358 2458 Una
368 2408 512 2468 entsamilia
547 2408 619 2458 man
635 2424 661 2459 se
677 2408 704 2456 in
719 2408 850 2459 clientelam
867 2415 891 2459 et
900 2410 977 2476 fldem
989 2411 1068 2474 patris
1083 2411 1160 2460 dedit.

520 2570 623 2590 ooouu
626 2569 700 2590 eun

59 2704 100 2752 Sic
111 2701 186 2751 Perl.
197 2708 224 2750 et
237 2699 276 2748 sic
286 2700 364 2749 Both.
375 2700 419 2763 qui
431 2699 476 2748 dat
485 2701 654 2760 fortunatior?
670 2701 747 2750 bercle
761 2699 766 2762 Ι
781 2698 857 2748 Nemo
867 2700 1005 2763 gamanam:
1021 2714 1077 2748 nam
1088 2699 1115 2749 in
1125 2716 1163 2754 nse

58 2772 124 2830 plane
141 2765 179 2816 Di
195 2768 246 2828 pot.
256 2779 278 2812 s.
288 2765 396 2827 omnem!
413 2766 582 2824 Ostendernnt,
594 2766 631 2814 cui
643 2769 693 2813 tam
704 2764 781 2813 mbito
793 2769 828 2812 tot
838 2764 991 2825 congruerint
1001 2766 1163 2814 commoda.-

60 2828 251 2891 2Potestatem]
267 2828 330 2877 Par.
348 2844 374 2891 p.
388 2844 441 2877 var.
457 2830 599 2892 potentiam.
617 2830 738 2878 Peri—tl
758 2828 885 2888 Contigere
904 2827 938 2877 G.
955 2829 1016 2877 EM.
1035 2826 1097 2885 Alii,
1108 2845 1163 2879 con,

59 2896 182 2957 gruerimr
200 2894 234 2942 de
245 2907 296 2956 qua
315 2907 378 2942 voce
395 2893 453 2942 vide
464 2894 579 2943 Festum.
612 2894 664 2943 Ms.
676 2893 748 2955 Lips.
760 2895 885 2942 commodo.
918 2891 981 2951 Alii,
993 2892 1060 2941 bono.
1078 2892 1163 2944 West.

63 2960 190 3021 Contigere
201 2956 288 3006 Guelf.
298 2961 322 3006 1.
356 2959 412 3006 Cito
424 2973 470 3020 pro
480 2957 556 3007 subito
566 2962 591 3007 a.
609 2959 677 3006 Peri.
710 2956 881 3019 Congruerint]
897 2956 941 3006 Sic
953 2956 1026 3006 dedit
1037 2955 1163 3019 Patimur,

61 3040 106 3075 nec
118 3025 260 3087 quicquam
271 3026 386 3070 annotat.
419 3022 506 3071 Abest
523 3023 551 3071 iu
572 3024 663 3071 malam
684 3037 737 3071 rem
759 3022 828 3071 istud
848 3022 1010 3082 congruerint.
1043 3021 1163 3082 Codices,

62 3097 184 3153 quantum
197 3086 356 3149 octabiano,
372 3087 517 3150 contigerint
533 3088 575 3135 vel
590 3087 751 3149 contigerant.
784 3087 855 3149 Lege
873 3086 1025 3148 corrtigerr'at,
1044 3085 1092 3134 lroc
1112 3094 1162 3147 est,

64 3154 217 3215 contingere
229 3161 350 3214 possent:
368 3151 473 3200 sienim
491 3152 659 3211 contigerunt,⁸
676 3150 745 3200 nulla
765 3158 881 3212 potestas
900 3151 1024 3211 Deorum,
1041 3151 1087 3200 sed
1100 3152 1163 3201 For·

64 3225 129 3266 tuna
142 3224 247 3267 tantum
258 3215 418 3265 ostendetur.
436 3217 510 3266 Bent.
545 3216 672 3278 Contigere
689 3217 784 3279 placet.
820 3216 979 3276 Congraerint
998 3215 1044 3264 Fa.
1065 3224 1164 3276 prater

65 3282 136 3332 codd.
148 3280 267 3330 fecerat:
284 3279 353 3344 quod
370 3281 419 3329 hnc
434 3295 486 3329 non
503 3280 631 3341 congruit.
648 3281 706 3342 Bip.
740 3280 818 3338 ang.
838 3280 935 3342 legitur
953 3280 1097 3339 contigerint
1115 3295 1164 3342 pro

66 3361 100 3403 eo,
117 3346 187 3410 quod
201 3358 236 3392 ex
247 3344 395 3393 melioribus
407 3344 469 3392 libb.
489 3345 599 3409 protulit
615 3346 662 3394 Fa.
679 3345 840 3406 congruerint.
872 3345 895 3393 B
910 3349 1076 3405 emmeram,
1093 3342 1163 3407 qnod

68 3410 193 3475 stipium
214 3408 280 3458 terri
299 3415 394 3472 potest.
410 3409 485 3458 Botb.
520 3410 676 3470 Contigerant
690 3409 735 3458 Br.
755 3408 1070 3470 GangraerintDelph.—‹t
1089 3410 1112 3456 0
1129 3409 1164 3458 mi

71 3476 178 3523 Parmeno
190 3473 271 3523 Both.
305 3473 355 3530 Qut
367 3487 413 3536 pro
426 3474 491 3530 Quid
503 3472 592 3523 Guelf.
603 3478 677 3522 2.-5
695 3474 738 3522 Al.
749 3474 834 3523 scisne.
851 3473 975 3523 Peri—6
987 3474 1069 3522 Civem
1080 3473 1164 3522 innen-

70 3543 111 3589 tom
128 3538 208 3588 Both.
251 3537 310 3587 Scin
327 3537 478 3601 Pamphilam
496 3538 592 3586 tia-r
610 3539 664 3588 ΕΡ.
681 3543 769 3598 omont,
790 3538 845 3586 bene
855 3537 960 3596 sactum.
995 3538 1029 3586 G.
1047 3539 1087 3599 [et
1104 3535 1167 3600 Ba]

72 3603 274 3663 Diibeneamcnt,
282 3603 383 3662 sactum.
417 3603 451 3651 G.
464 3602 515 3652 ΕΤ.
532 3602 624 3652 Audin*
641 3600 851 3665 tabicqaidait?
867 3603 948 3652 West.
982 3602 1052 3662 Lege
1064 3615 1096 3648 ex
1108 3615 1132 3650 o.
1144 3601 1163 3650 l.

73 3680 87 3715 t.
96 3675 122 3716 et
133 3668 185 3717 Do.
202 3665 294 3716 Audin'
305 3673 333 3715 tu
344 3667 382 3716 lic
392 3666 451 3729 qaid
461 3668 512 3716 ait?
528 3668 575 3716 Fa.
609 3668 652 3717 sic
663 3675 690 3715 ct
706 3667 788 3714 nostri
805 3681 915 3729 qnoque.
932 3667 1006 3715 Beni.
1041 3664 1163 3714 Amabant

75 3729 184 3781 nuens.
218 3731 476 3793 Haprottiamaa.
509 3731 571 3781 And.
581 3732 675 3793 inquid
686 3731 804 3780 lticaitl.
821 3732 888 3780 Peri.
922 3729 1107 3790 Hicproillam
1116 3729 1165 3783 Br.

77 3793 143 3845 Rent.
160 3795 238 3844 Both.
252 3796 363 3856 Bia-s
380 3796 411 3844 ln
424 3795 492 3844 nullo
502 3796 568 3844 libro
586 3796 652 3844 hanc
673 3795 869 3844 collocationem
881 3794 1000 3851 inveni03
1015 3794 1060 3841 sed
1073 3793 1098 3842 in
1110 3806 1164 3844 om·

79 3858 208 3908 uibnsfere
219 3868 248 3909 et
258 3860 374 3916 Donato,
388 3861 455 3908 hanc
467 3874 525 3923 qnae
538 3860 669 3925 seqnitur:
686 3875 735 3909 esse
751 3875 853 3907 amorem
867 3873 966 3917 omnem,
982 3859 1022 3919 isc.
1041 3858 1086 3907 Fa.
1120 3861 1163 3910 Sic

81 3923 414 3988 etrn.nmtrn.13em.qut
434 3939 490 3973 eam
510 3923 557 3974 dat
576 3939 634 3972 curn
653 3925 698 3973 Br.
718 3925 778 3985 Bip.
795 3924 866 3972 Perl.
895 3923 994 3970 Omnem
1005 3937 1105 3970 amorem
1116 3938 1165 3973 esse

82 3982 199 4038 lota-9.
217 3993 249 4038 10
264 3988 309 4037 sic
321 3989 367 4037 Pa.
400 3987 451 4037 Sed
473 4003 562 4038 omnes
581 3989 671 4050 nostri,
690 4003 741 4037 uno
755 3996 876 4050 excepto,
895 3987 965 4035 l'bais
982 4001 1007 4035 se
1021 3987 1087 4050 pdtri
1102 4003 1164 4037 corn·

84 4053 196 4102 andanit:
214 4060 243 4100 ut
255 4052 296 4100 vel
308 4052 363 4115 ipso
375 4060 484 4101 accentu
496 4068 613 4116 personae
622 4051 733 4115 dignitas
744 4051 916 4112 intelligatur.
939 4051 1023 4099 Porro
1031 4051 1165 4102 distinctio

85 4117 191 4166 norman
202 4123 257 4167 cst:
277 4116 349 4167 licis
359 4131 384 4166 se
399 4118 465 4180 patri
475 4118 656 4168 commutavit:
674 4117 700 4166 in
711 4115 842 4167 clientelam
852 4115 957 4181 etfidem
970 4116 1045 4167 Nobis
1054 4116 1163 4168 deditae.
