<?xml version="1.0" encoding="UTF-8"?>
<!DOCTYPE html PUBLIC "-//W3C//DTD XHTML 1.0 Transitional//EN"
    "http://www.w3.org/TR/xhtml1/DTD/xhtml1-transitional.dtd">
<html xmlns="http://www.w3.org/1999/xhtml" xml:lang="en" lang="en">
 <head>
  <title>
</title>
<meta http-equiv="Content-Type" content="text/html;charset=utf-8" />
  <meta name='ocr-system' content='tesseract 3.04.00' />
  <meta name='ocr-capabilities' content='ocr_page ocr_carea ocr_par ocr_line ocrx_word'/>
</head>
<body>
  <div class='ocr_page' id='page_1' title='image "./comoedisex01westgoog_0182.png"; bbox 0 0 2678 4694; ppageno 0'>
   <div class='ocr_carea' id='block_1_1' title="bbox 151 273 1126 346">
    <p class='ocr_par' dir='ltr' id='par_1_1' title="bbox 151 273 1126 346">
     <span class='ocr_line' id='line_1_1' title="bbox 151 273 1126 346; baseline -0.004 0"><span class='ocrx_word' id='word_1_1' title='bbox 151 293 385 346; x_wconf 78' lang='lat' dir='ltr'>e.ruuuuru</span> <span class='ocrx_word' id='word_1_2' title='bbox 410 291 562 343; x_wconf 79' lang='lat' dir='ltr'>sintin</span> <span class='ocrx_word' id='word_1_3' title='bbox 591 290 788 340; x_wconf 77' lang='lat' dir='ltr'>suasinus</span> <span class='ocrx_word' id='word_1_4' title='bbox 813 290 1017 341; x_wconf 75' lang='lat' dir='ltr'>enoiosus.</span> <span class='ocrx_word' id='word_1_5' title='bbox 1059 273 1126 342; x_wconf 81' lang='grc'>673</span> 
     </span>
    </p>
   </div>
   <div class='ocr_carea' id='block_1_2' title="bbox 314 471 856 537">
    <p class='ocr_par' dir='ltr' id='par_1_2' title="bbox 314 471 856 537">
     <span class='ocr_line' id='line_1_2' title="bbox 314 471 856 537; baseline -0.009 -8"><span class='ocrx_word' id='word_1_6' title='bbox 314 471 509 530; x_wconf 74' lang='lat' dir='ltr'>EXFOSITIO</span> <span class='ocrx_word' id='word_1_7' title='bbox 534 473 785 537; x_wconf 66' lang='lat' dir='ltr'>heleniensis,</span> <span class='ocrx_word' id='word_1_8' title='bbox 809 478 856 525; x_wconf 79' lang='lat' dir='ltr'>&amp;c</span> 
     </span>
    </p>
   </div>
   <div class='ocr_carea' id='block_1_3' title="bbox 354 599 817 659">
    <p class='ocr_par' dir='ltr' id='par_1_3' title="bbox 354 599 817 659">
     <span class='ocr_line' id='line_1_3' title="bbox 354 599 817 659; baseline -0.009 0"><span class='ocrx_word' id='word_1_9' title='bbox 354 609 481 659; x_wconf 85' lang='lat' dir='ltr'>Extracta</span> <span class='ocrx_word' id='word_1_10' title='bbox 490 622 523 658; x_wconf 87' lang='lat' dir='ltr'>ex</span> <span class='ocrx_word' id='word_1_11' title='bbox 535 599 654 657; x_wconf 78' lang='lat' dir='ltr'>Editioue</span> <span class='ocrx_word' id='word_1_12' title='bbox 666 605 817 656; x_wconf 86' lang='lat' dir='ltr'>Brunsiana.</span> 
     </span>
    </p>
   </div>
   <div class='ocr_carea' id='block_1_4' title="bbox 39 747 1129 1613">
    <p class='ocr_par' dir='ltr' id='par_1_4' title="bbox 39 747 1129 1613">
     <span class='ocr_line' id='line_1_4' title="bbox 39 747 1125 814; baseline -0.005 -7"><span class='ocrx_word' id='word_1_13' title='bbox 39 757 110 806; x_wconf 85' lang='lat' dir='ltr'>Acta</span> <span class='ocrx_word' id='word_1_14' title='bbox 126 761 166 804; x_wconf 87' lang='lat' dir='ltr'>est</span> <span class='ocrx_word' id='word_1_15' title='bbox 183 754 234 804; x_wconf 84' lang='lat' dir='ltr'>ista</span> <span class='ocrx_word' id='word_1_16' title='bbox 245 752 344 802; x_wconf 84' lang='lat' dir='ltr'>Fabula</span> <span class='ocrx_word' id='word_1_17' title='bbox 356 751 485 814; x_wconf 78' lang='lat' dir='ltr'>Adelphe,</span> <span class='ocrx_word' id='word_1_18' title='bbox 496 764 571 814; x_wconf 87' lang='lat' dir='ltr'>quarn</span> <span class='ocrx_word' id='word_1_19' title='bbox 582 747 727 799; x_wconf 74' lang='lat' dir='ltr'>Terentius</span> <span class='ocrx_word' id='word_1_20' title='bbox 737 748 831 799; x_wconf 79' lang='lat' dir='ltr'>Latine</span> <span class='ocrx_word' id='word_1_21' title='bbox 846 749 989 814; x_wconf 81' lang='lat' dir='ltr'><strong>composuit</strong></span> <span class='ocrx_word' id='word_1_22' title='bbox 1000 757 1059 814; x_wconf 89' lang='lat' dir='ltr'>post</span> <span class='ocrx_word' id='word_1_23' title='bbox 1070 752 1125 802; x_wconf 79' lang='lat' dir='ltr'>bie·</span> 
     </span>
     <span class='ocr_line' id='line_1_5' title="bbox 70 817 1123 896; baseline -0.003 -12"><span class='ocrx_word' id='word_1_24' title='bbox 70 834 208 894; x_wconf 89' lang='lat' dir='ltr'>naudrum‚</span> <span class='ocrx_word' id='word_1_25' title='bbox 226 832 293 882; x_wconf 88' lang='lat' dir='ltr'>ludis</span> <span class='ocrx_word' id='word_1_26' title='bbox 310 829 472 894; x_wconf 80' lang='lat' dir='ltr'>funebribus,</span> <span class='ocrx_word' id='word_1_27' title='bbox 489 843 552 893; x_wconf 88' lang='lat' dir='ltr'>quus</span> <span class='ocrx_word' id='word_1_28' title='bbox 572 828 731 878; x_wconf 78' lang='lat' dir='ltr'>exercebant</span> <span class='ocrx_word' id='word_1_29' title='bbox 749 829 775 877; x_wconf 92' lang='lat' dir='ltr'>in</span> <span class='ocrx_word' id='word_1_30' title='bbox 786 817 967 880; x_wconf 83' lang='lat' dir='ltr'>anniuersariis</span> <span class='ocrx_word' id='word_1_31' title='bbox 979 831 1123 896; x_wconf 80' lang='lat' dir='ltr'><strong>principum</strong></span> 
     </span>
     <span class='ocr_line' id='line_1_6' title="bbox 70 906 1126 976; baseline -0.002 -13"><span class='ocrx_word' id='word_1_32' title='bbox 70 921 118 963; x_wconf 90' lang='lat' dir='ltr'>aut</span> <span class='ocrx_word' id='word_1_33' title='bbox 129 927 227 976; x_wconf 77' lang='lat' dir='ltr'>regum,</span> <span class='ocrx_word' id='word_1_34' title='bbox 238 925 302 975; x_wconf 88' lang='lat' dir='ltr'>quos</span> <span class='ocrx_word' id='word_1_35' title='bbox 313 910 382 959; x_wconf 91' lang='lat' dir='ltr'>inter</span> <span class='ocrx_word' id='word_1_36' title='bbox 391 911 480 960; x_wconf 87' lang='lat' dir='ltr'>heroas</span> <span class='ocrx_word' id='word_1_37' title='bbox 492 906 687 972; x_wconf 84' lang='lat' dir='ltr'>computabant,</span> <span class='ocrx_word' id='word_1_38' title='bbox 696 908 793 960; x_wconf 85' lang='lat' dir='ltr'>Quinto</span> <span class='ocrx_word' id='word_1_39' title='bbox 803 909 894 972; x_wconf 86' lang='lat' dir='ltr'>Fabio,</span> <span class='ocrx_word' id='word_1_40' title='bbox 903 911 1126 974; x_wconf 79' lang='lat' dir='ltr'>Maximu‚l‘uhiiu</span> 
     </span>
     <span class='ocr_line' id='line_1_7' title="bbox 69 987 1126 1055; baseline -0.001 -12"><span class='ocrx_word' id='word_1_41' title='bbox 69 992 192 1043; x_wconf 86' lang='lat' dir='ltr'>Cornelio</span> <span class='ocrx_word' id='word_1_42' title='bbox 203 990 336 1052; x_wconf 87' lang='lat' dir='ltr'>Africano,</span> <span class='ocrx_word' id='word_1_43' title='bbox 348 989 434 1038; x_wconf 80' lang='lat' dir='ltr'>Enrilii</span> <span class='ocrx_word' id='word_1_44' title='bbox 453 988 529 1038; x_wconf 75' lang='lat' dir='ltr'>Pauli</span> <span class='ocrx_word' id='word_1_45' title='bbox 547 989 574 1037; x_wconf 85' lang='lat' dir='ltr'>S.</span> <span class='ocrx_word' id='word_1_46' title='bbox 594 987 648 1037; x_wconf 81' lang='lat' dir='ltr'>flio</span> <span class='ocrx_word' id='word_1_47' title='bbox 664 988 781 1038; x_wconf 83' lang='lat' dir='ltr'>aedilibus</span> <span class='ocrx_word' id='word_1_48' title='bbox 802 990 930 1040; x_wconf 88' lang='lat' dir='ltr'>curulibus</span> <span class='ocrx_word' id='word_1_49' title='bbox 950 991 1046 1055; x_wconf 79' lang='lat' dir='ltr'>Romu,</span> <span class='ocrx_word' id='word_1_50' title='bbox 1063 1006 1126 1055; x_wconf 89' lang='lat' dir='ltr'>quos</span> 
     </span>
     <span class='ocr_line' id='line_1_8' title="bbox 72 1067 1128 1133; baseline 0 -13"><span class='ocrx_word' id='word_1_51' title='bbox 72 1075 174 1123; x_wconf 84' lang='lat' dir='ltr'>scilicet</span> <span class='ocrx_word' id='word_1_52' title='bbox 182 1072 253 1120; x_wconf 88' lang='lat' dir='ltr'>ludus</span> <span class='ocrx_word' id='word_1_53' title='bbox 261 1070 380 1121; x_wconf 87' lang='lat' dir='ltr'>feceruut</span> <span class='ocrx_word' id='word_1_54' title='bbox 391 1069 502 1118; x_wconf 76' lang='lat' dir='ltr'><strong>Lucilius</strong></span> <span class='ocrx_word' id='word_1_55' title='bbox 511 1067 622 1118; x_wconf 87' lang='lat' dir='ltr'>Attilins</span> <span class='ocrx_word' id='word_1_56' title='bbox 633 1068 821 1133; x_wconf 65' lang='lat' dir='ltr'>Fratuentium,</span> <span class='ocrx_word' id='word_1_57' title='bbox 832 1070 959 1120; x_wconf 87' lang='lat' dir='ltr'>Minutius</span> <span class='ocrx_word' id='word_1_58' title='bbox 970 1071 1128 1120; x_wconf 87' lang='lat' dir='ltr'>Prutbimus.</span> 
     </span>
     <span class='ocr_line' id='line_1_9' title="bbox 71 1146 1128 1213; baseline -0.004 -10"><span class='ocrx_word' id='word_1_59' title='bbox 71 1154 168 1203; x_wconf 81' lang='lat' dir='ltr'>Modus</span> <span class='ocrx_word' id='word_1_60' title='bbox 179 1151 243 1202; x_wconf 89' lang='lat' dir='ltr'>fecit</span> <span class='ocrx_word' id='word_1_61' title='bbox 253 1151 359 1201; x_wconf 83' lang='lat' dir='ltr'>Flaccus</span> <span class='ocrx_word' id='word_1_62' title='bbox 370 1146 527 1198; x_wconf 85' lang='lat' dir='ltr'>clauditibiis</span> <span class='ocrx_word' id='word_1_63' title='bbox 536 1147 661 1197; x_wconf 82' lang='lat' dir='ltr'>Sarranis.</span> <span class='ocrx_word' id='word_1_64' title='bbox 694 1147 829 1212; x_wconf 85' lang='lat' dir='ltr'>Claudum,</span> <span class='ocrx_word' id='word_1_65' title='bbox 847 1149 914 1199; x_wconf 87' lang='lat' dir='ltr'>sicut</span> <span class='ocrx_word' id='word_1_66' title='bbox 929 1149 985 1213; x_wconf 86' lang='lat' dir='ltr'>jam</span> <span class='ocrx_word' id='word_1_67' title='bbox 1007 1150 1128 1213; x_wconf 77' lang='lat' dir='ltr'>diximus,</span> 
     </span>
     <span class='ocr_line' id='line_1_10' title="bbox 68 1227 1128 1299; baseline 0 -15"><span class='ocrx_word' id='word_1_68' title='bbox 68 1249 154 1299; x_wconf 76' lang='lat' dir='ltr'>genus</span> <span class='ocrx_word' id='word_1_69' title='bbox 176 1239 217 1282; x_wconf 89' lang='lat' dir='ltr'>est</span> <span class='ocrx_word' id='word_1_70' title='bbox 238 1233 369 1293; x_wconf 88' lang='lat' dir='ltr'>tibiarum,</span> <span class='ocrx_word' id='word_1_71' title='bbox 387 1228 556 1294; x_wconf 80' lang='lat' dir='ltr'>iuaequalibus</span> <span class='ocrx_word' id='word_1_72' title='bbox 579 1227 671 1278; x_wconf 86' lang='lat' dir='ltr'>tistulis</span> <span class='ocrx_word' id='word_1_73' title='bbox 694 1229 872 1292; x_wconf 87' lang='lat' dir='ltr'>compositum.</span> <span class='ocrx_word' id='word_1_74' title='bbox 903 1230 1022 1281; x_wconf 80' lang='lat' dir='ltr'>Sarranus</span> <span class='ocrx_word' id='word_1_75' title='bbox 1041 1237 1128 1284; x_wconf 80' lang='lat' dir='ltr'>autern</span> 
     </span>
     <span class='ocr_line' id='line_1_11' title="bbox 67 1309 1127 1374; baseline -0.001 -11"><span class='ocrx_word' id='word_1_76' title='bbox 67 1314 144 1364; x_wconf 66' lang='lat' dir='ltr'>tibine</span> <span class='ocrx_word' id='word_1_77' title='bbox 155 1313 277 1362; x_wconf 90' lang='lat' dir='ltr'>dicuntur</span> <span class='ocrx_word' id='word_1_78' title='bbox 286 1327 303 1361; x_wconf 87' lang='lat' dir='ltr'>a</span> <span class='ocrx_word' id='word_1_79' title='bbox 317 1311 427 1360; x_wconf 84' lang='lat' dir='ltr'>Sarrano</span> <span class='ocrx_word' id='word_1_80' title='bbox 439 1317 554 1373; x_wconf 70' lang='lat' dir='ltr'>erectore,</span> <span class='ocrx_word' id='word_1_81' title='bbox 569 1310 613 1374; x_wconf 90' lang='lat' dir='ltr'>qui</span> <span class='ocrx_word' id='word_1_82' title='bbox 624 1309 687 1359; x_wconf 90' lang='lat' dir='ltr'>illud</span> <span class='ocrx_word' id='word_1_83' title='bbox 699 1323 779 1373; x_wconf 73' lang='lat' dir='ltr'>genus</span> <span class='ocrx_word' id='word_1_84' title='bbox 794 1309 934 1363; x_wconf 84' lang='lat' dir='ltr'>adinvenit.</span> <span class='ocrx_word' id='word_1_85' title='bbox 966 1312 1064 1362; x_wconf 84' lang='lat' dir='ltr'>Fsbula</span> <span class='ocrx_word' id='word_1_86' title='bbox 1082 1327 1127 1362; x_wconf 90' lang='lat' dir='ltr'>au·</span> 
     </span>
     <span class='ocr_line' id='line_1_12' title="bbox 72 1388 1128 1458; baseline -0.003 -14"><span class='ocrx_word' id='word_1_87' title='bbox 72 1403 126 1444; x_wconf 89' lang='lat' dir='ltr'>tum</span> <span class='ocrx_word' id='word_1_88' title='bbox 145 1393 273 1456; x_wconf 80' lang='lat' dir='ltr'>Adelphe,</span> <span class='ocrx_word' id='word_1_89' title='bbox 291 1405 365 1458; x_wconf 78' lang='lat' dir='ltr'>quarn</span> <span class='ocrx_word' id='word_1_90' title='bbox 383 1388 521 1439; x_wconf 77' lang='lat' dir='ltr'>Terentius</span> <span class='ocrx_word' id='word_1_91' title='bbox 539 1389 683 1453; x_wconf 87' lang='lat' dir='ltr'>composuit</span> <span class='ocrx_word' id='word_1_92' title='bbox 702 1402 749 1452; x_wconf 85' lang='lat' dir='ltr'>per</span> <span class='ocrx_word' id='word_1_93' title='bbox 768 1388 950 1452; x_wconf 86' lang='lat' dir='ltr'>Menandrum,</span> <span class='ocrx_word' id='word_1_94' title='bbox 967 1391 1077 1441; x_wconf 89' lang='lat' dir='ltr'>recitata</span> <span class='ocrx_word' id='word_1_95' title='bbox 1088 1397 1128 1441; x_wconf 91' lang='lat' dir='ltr'>est</span> 
     </span>
     <span class='ocr_line' id='line_1_13' title="bbox 69 1469 1128 1537; baseline -0.004 -13"><span class='ocrx_word' id='word_1_96' title='bbox 69 1476 172 1537; x_wconf 78' lang='lat' dir='ltr'>Romae,</span> <span class='ocrx_word' id='word_1_97' title='bbox 183 1472 243 1521; x_wconf 90' lang='lat' dir='ltr'>dum</span> <span class='ocrx_word' id='word_1_98' title='bbox 253 1471 295 1520; x_wconf 88' lang='lat' dir='ltr'>isti</span> <span class='ocrx_word' id='word_1_99' title='bbox 307 1470 448 1534; x_wconf 80' lang='lat' dir='ltr'>supradicti</span> <span class='ocrx_word' id='word_1_100' title='bbox 458 1469 547 1518; x_wconf 71' lang='lat' dir='ltr'>ediles</span> <span class='ocrx_word' id='word_1_101' title='bbox 557 1470 660 1518; x_wconf 89' lang='lat' dir='ltr'>curules</span> <span class='ocrx_word' id='word_1_102' title='bbox 671 1475 757 1518; x_wconf 88' lang='lat' dir='ltr'>esseut</span> <span class='ocrx_word' id='word_1_103' title='bbox 766 1475 793 1519; x_wconf 87' lang='lat' dir='ltr'>et</span> <span class='ocrx_word' id='word_1_104' title='bbox 805 1469 864 1518; x_wconf 87' lang='lat' dir='ltr'>duur</span> <span class='ocrx_word' id='word_1_105' title='bbox 873 1469 926 1519; x_wconf 91' lang='lat' dir='ltr'>ludi</span> <span class='ocrx_word' id='word_1_106' title='bbox 936 1470 1058 1521; x_wconf 78' lang='lat' dir='ltr'>funebres</span> <span class='ocrx_word' id='word_1_107' title='bbox 1069 1487 1128 1533; x_wconf 75' lang='lat' dir='ltr'>age-</span> 
     </span>
     <span class='ocr_line' id='line_1_14' title="bbox 69 1547 1129 1613; baseline -0.005 -8"><span class='ocrx_word' id='word_1_108' title='bbox 69 1563 172 1605; x_wconf 85' lang='lat' dir='ltr'>rentur.</span> <span class='ocrx_word' id='word_1_109' title='bbox 205 1552 300 1604; x_wconf 80' lang='lat' dir='ltr'>Graecs</span> <span class='ocrx_word' id='word_1_110' title='bbox 311 1565 372 1601; x_wconf 86' lang='lat' dir='ltr'>vero</span> <span class='ocrx_word' id='word_1_111' title='bbox 382 1549 521 1601; x_wconf 87' lang='lat' dir='ltr'>Menandri</span> <span class='ocrx_word' id='word_1_112' title='bbox 538 1548 608 1599; x_wconf 84' lang='lat' dir='ltr'>facta</span> <span class='ocrx_word' id='word_1_113' title='bbox 620 1555 661 1598; x_wconf 89' lang='lat' dir='ltr'>est</span> <span class='ocrx_word' id='word_1_114' title='bbox 678 1547 781 1613; x_wconf 85' lang='lat' dir='ltr'>Anicio,</span> <span class='ocrx_word' id='word_1_115' title='bbox 795 1550 885 1600; x_wconf 88' lang='lat' dir='ltr'>Marco</span> <span class='ocrx_word' id='word_1_116' title='bbox 904 1549 1024 1601; x_wconf 86' lang='lat' dir='ltr'>Cornelio</span> <span class='ocrx_word' id='word_1_117' title='bbox 1040 1565 1129 1600; x_wconf 89' lang='lat' dir='ltr'>consu-</span> 
     </span>
    </p>
   </div>
   <div class='ocr_carea' id='block_1_5' title="bbox 71 1635 151 1687">
    <p class='ocr_par' dir='ltr' id='par_1_5' title="bbox 71 1635 151 1687">
     <span class='ocr_line' id='line_1_15' title="bbox 71 1635 151 1687; baseline -0.05 0"><span class='ocrx_word' id='word_1_118' title='bbox 71 1635 151 1687; x_wconf 86' lang='lat' dir='ltr'>libus.</span> 
     </span>
    </p>
   </div>
   <div class='ocr_carea' id='block_1_6' title="bbox 486 1778 689 1828">
    <p class='ocr_par' dir='ltr' id='par_1_6' title="bbox 486 1778 689 1828">
     <span class='ocr_line' id='line_1_16' title="bbox 486 1778 689 1828; baseline -0.025 0"><span class='ocrx_word' id='word_1_119' title='bbox 486 1778 689 1828; x_wconf 80' lang='lat' dir='ltr'><strong>PROLOGUS.</strong></span> 
     </span>
    </p>
   </div>
   <div class='ocr_carea' id='block_1_7' title="bbox 37 1896 1198 3243">
    <p class='ocr_par' dir='ltr' id='par_1_7' title="bbox 39 1896 1128 2042">
     <span class='ocr_line' id='line_1_17' title="bbox 39 1896 1128 1964; baseline -0.003 -14"><span class='ocrx_word' id='word_1_120' title='bbox 39 1900 182 1964; x_wconf 81' lang='lat' dir='ltr'>Postquam</span> <span class='ocrx_word' id='word_1_121' title='bbox 193 1897 284 1947; x_wconf 67' lang='lat' dir='ltr'>Poeta.</span> <span class='ocrx_word' id='word_1_122' title='bbox 317 1897 392 1947; x_wconf 87' lang='lat' dir='ltr'>More</span> <span class='ocrx_word' id='word_1_123' title='bbox 402 1911 448 1946; x_wconf 90' lang='lat' dir='ltr'>suo</span> <span class='ocrx_word' id='word_1_124' title='bbox 459 1896 485 1945; x_wconf 91' lang='lat' dir='ltr'>in</span> <span class='ocrx_word' id='word_1_125' title='bbox 497 1898 603 1961; x_wconf 81' lang='lat' dir='ltr'>prologo</span> <span class='ocrx_word' id='word_1_126' title='bbox 614 1897 738 1947; x_wconf 82' lang='lat' dir='ltr'>maliuolis</span> <span class='ocrx_word' id='word_1_127' title='bbox 746 1897 885 1962; x_wconf 82' lang='lat' dir='ltr'>respondet</span> <span class='ocrx_word' id='word_1_128' title='bbox 903 1896 998 1962; x_wconf 71' lang='lat' dir='ltr'>politis,</span> <span class='ocrx_word' id='word_1_129' title='bbox 1016 1897 1059 1964; x_wconf 86' lang='lat' dir='ltr'>qui</span> <span class='ocrx_word' id='word_1_130' title='bbox 1077 1898 1128 1947; x_wconf 81' lang='lat' dir='ltr'>esl-</span> 
     </span>
     <span class='ocr_line' id='line_1_18' title="bbox 68 1972 1029 2042; baseline -0.003 -12"><span class='ocrx_word' id='word_1_131' title='bbox 68 1979 125 2030; x_wconf 89' lang='lat' dir='ltr'>lide</span> <span class='ocrx_word' id='word_1_132' title='bbox 133 1979 192 2042; x_wconf 89' lang='lat' dir='ltr'>ejus</span> <span class='ocrx_word' id='word_1_133' title='bbox 202 1979 344 2040; x_wconf 88' lang='lat' dir='ltr'>scripturas</span> <span class='ocrx_word' id='word_1_134' title='bbox 355 1977 585 2042; x_wconf 84' lang='lat' dir='ltr'>reprehendebant,</span> <span class='ocrx_word' id='word_1_135' title='bbox 596 1983 624 2027; x_wconf 93' lang='lat' dir='ltr'>et</span> <span class='ocrx_word' id='word_1_136' title='bbox 635 1978 748 2042; x_wconf 89' lang='lat' dir='ltr'>loquitur</span> <span class='ocrx_word' id='word_1_137' title='bbox 759 1977 790 2026; x_wconf 82' lang='lat' dir='ltr'>rie</span> <span class='ocrx_word' id='word_1_138' title='bbox 802 1993 829 2027; x_wconf 93' lang='lat' dir='ltr'>se</span> <span class='ocrx_word' id='word_1_139' title='bbox 843 1979 915 2042; x_wconf 87' lang='lat' dir='ltr'>qnasi</span> <span class='ocrx_word' id='word_1_140' title='bbox 927 1972 1029 2028; x_wconf 53' lang='lat' dir='ltr'>de&#39;alio.</span> 
     </span>
    </p>

    <p class='ocr_par' dir='ltr' id='par_1_8' title="bbox 37 2055 1198 3243">
     <span class='ocr_line' id='line_1_19' title="bbox 37 2055 1126 2124; baseline -0.005 -13"><span class='ocrx_word' id='word_1_141' title='bbox 37 2059 215 2124; x_wconf 75' lang='lat' dir='ltr'>Sinapothnes</span> <span class='ocrx_word' id='word_1_142' title='bbox 233 2056 365 2108; x_wconf 84' lang='lat' dir='ltr'>Comoedia</span> <span class='ocrx_word' id='word_1_143' title='bbox 381 2065 422 2107; x_wconf 89' lang='lat' dir='ltr'>est</span> <span class='ocrx_word' id='word_1_144' title='bbox 437 2059 532 2107; x_wconf 80' lang='lat' dir='ltr'>cuntes</span> <span class='ocrx_word' id='word_1_145' title='bbox 548 2055 630 2106; x_wconf 89' lang='lat' dir='ltr'>Diiili.</span> <span class='ocrx_word' id='word_1_146' title='bbox 663 2058 759 2108; x_wconf 87' lang='lat' dir='ltr'>Contes</span> <span class='ocrx_word' id='word_1_147' title='bbox 776 2057 866 2107; x_wconf 87' lang='lat' dir='ltr'>Diiilus</span> <span class='ocrx_word' id='word_1_148' title='bbox 878 2058 984 2108; x_wconf 75' lang='lat' dir='ltr'>Graecus</span> <span class='ocrx_word' id='word_1_149' title='bbox 996 2057 1126 2107; x_wconf 83' lang='lat' dir='ltr'>conroedus</span> 
     </span>
     <span class='ocr_line' id='line_1_20' title="bbox 66 2136 1124 2202; baseline -0.004 -12"><span class='ocrx_word' id='word_1_150' title='bbox 66 2138 132 2202; x_wconf 85' lang='lat' dir='ltr'>fuit,</span> <span class='ocrx_word' id='word_1_151' title='bbox 147 2139 194 2202; x_wconf 90' lang='lat' dir='ltr'>qui</span> <span class='ocrx_word' id='word_1_152' title='bbox 205 2137 349 2201; x_wconf 85' lang='lat' dir='ltr'>composuit</span> <span class='ocrx_word' id='word_1_153' title='bbox 360 2136 494 2198; x_wconf 78' lang='lat' dir='ltr'>Fabulam,</span> <span class='ocrx_word' id='word_1_154' title='bbox 505 2151 580 2201; x_wconf 84' lang='lat' dir='ltr'>quum</span> <span class='ocrx_word' id='word_1_155' title='bbox 591 2136 733 2199; x_wconf 89' lang='lat' dir='ltr'>appellavit</span> <span class='ocrx_word' id='word_1_156' title='bbox 751 2136 932 2199; x_wconf 80' lang='lat' dir='ltr'>Sinaputhues,</span> <span class='ocrx_word' id='word_1_157' title='bbox 951 2151 1010 2202; x_wconf 86' lang='lat' dir='ltr'>qure</span> <span class='ocrx_word' id='word_1_158' title='bbox 1032 2137 1124 2187; x_wconf 82' lang='lat' dir='ltr'>Latine</span> 
     </span>
     <span class='ocr_line' id='line_1_21' title="bbox 66 2214 1128 2280; baseline -0.001 -11"><span class='ocrx_word' id='word_1_159' title='bbox 66 2225 158 2280; x_wconf 83' lang='lat' dir='ltr'>sonat,</span> <span class='ocrx_word' id='word_1_160' title='bbox 176 2218 392 2277; x_wconf 80' lang='lat' dir='ltr'>Commorientes3</span> <span class='ocrx_word' id='word_1_161' title='bbox 406 2216 480 2279; x_wconf 86' lang='lat' dir='ltr'>cujus</span> <span class='ocrx_word' id='word_1_162' title='bbox 492 2214 597 2264; x_wconf 67' lang='lat' dir='ltr'>Fabula)</span> <span class='ocrx_word' id='word_1_163' title='bbox 610 2220 710 2277; x_wconf 82' lang='lat' dir='ltr'>purtem</span> <span class='ocrx_word' id='word_1_164' title='bbox 722 2215 764 2265; x_wconf 93' lang='lat' dir='ltr'>ubi</span> <span class='ocrx_word' id='word_1_165' title='bbox 776 2214 871 2264; x_wconf 91' lang='lat' dir='ltr'>dicitur</span> <span class='ocrx_word' id='word_1_166' title='bbox 882 2215 1030 2267; x_wconf 77' lang='lat' dir='ltr'>adolescens</span> <span class='ocrx_word' id='word_1_167' title='bbox 1042 2217 1128 2268; x_wconf 89' lang='lat' dir='ltr'>lenoni</span> 
     </span>
     <span class='ocr_line' id='line_1_22' title="bbox 69 2293 1198 2358; baseline 0.001 -8"><span class='ocrx_word' id='word_1_168' title='bbox 69 2304 89 2350; x_wconf 92' lang='lat' dir='ltr'>i.</span> <span class='ocrx_word' id='word_1_169' title='bbox 101 2315 125 2348; x_wconf 87' lang='lat' dir='ltr'>e.</span> <span class='ocrx_word' id='word_1_170' title='bbox 138 2297 298 2347; x_wconf 81' lang='lat' dir='ltr'>consiliaturi</span> <span class='ocrx_word' id='word_1_171' title='bbox 309 2297 392 2358; x_wconf 87' lang='lat' dir='ltr'>stupri</span> <span class='ocrx_word' id='word_1_172' title='bbox 404 2296 503 2357; x_wconf 89' lang='lat' dir='ltr'>tulisse,</span> <span class='ocrx_word' id='word_1_173' title='bbox 521 2309 577 2344; x_wconf 90' lang='lat' dir='ltr'>cum</span> <span class='ocrx_word' id='word_1_174' title='bbox 596 2293 703 2342; x_wconf 87' lang='lat' dir='ltr'>Plautus</span> <span class='ocrx_word' id='word_1_175' title='bbox 722 2300 797 2344; x_wconf 86' lang='lat' dir='ltr'>vetus</span> <span class='ocrx_word' id='word_1_176' title='bbox 816 2296 928 2345; x_wconf 89' lang='lat' dir='ltr'>comicus</span> <span class='ocrx_word' id='word_1_177' title='bbox 945 2297 1067 2347; x_wconf 86' lang='lat' dir='ltr'>intactam</span> <span class='ocrx_word' id='word_1_178' title='bbox 1087 2298 1127 2347; x_wconf 89' lang='lat' dir='ltr'>di·</span> <span class='ocrx_word' id='word_1_179' title='bbox 1195 2346 1198 2351; x_wconf 26' lang='lat'><strong>⁴</strong></span> 
     </span>
     <span class='ocr_line' id='line_1_23' title="bbox 67 2373 1130 2441; baseline 0.001 -12"><span class='ocrx_word' id='word_1_180' title='bbox 67 2381 188 2434; x_wconf 82' lang='lat' dir='ltr'>misisset</span> <span class='ocrx_word' id='word_1_181' title='bbox 198 2377 260 2426; x_wconf 93' lang='lat' dir='ltr'>nihil</span> <span class='ocrx_word' id='word_1_182' title='bbox 270 2376 331 2426; x_wconf 88' lang='lat' dir='ltr'>iude</span> <span class='ocrx_word' id='word_1_183' title='bbox 343 2376 440 2438; x_wconf 91' lang='lat' dir='ltr'>dicens,</span> <span class='ocrx_word' id='word_1_184' title='bbox 455 2373 534 2439; x_wconf 70' lang='lat' dir='ltr'>poeta</span> <span class='ocrx_word' id='word_1_185' title='bbox 543 2374 686 2437; x_wconf 81' lang='lat' dir='ltr'>Terentius,</span> <span class='ocrx_word' id='word_1_186' title='bbox 698 2374 828 2424; x_wconf 84' lang='lat' dir='ltr'>comoedns</span> <span class='ocrx_word' id='word_1_187' title='bbox 839 2375 963 2427; x_wconf 84' lang='lat' dir='ltr'>uidelicet</span> <span class='ocrx_word' id='word_1_188' title='bbox 973 2391 1062 2441; x_wconf 81' lang='lat' dir='ltr'>novus,</span> <span class='ocrx_word' id='word_1_189' title='bbox 1073 2393 1130 2430; x_wconf 85' lang='lat' dir='ltr'>earu</span> 
     </span>
     <span class='ocr_line' id='line_1_24' title="bbox 69 2454 1133 2524; baseline 0.001 -15"><span class='ocrx_word' id='word_1_190' title='bbox 69 2467 178 2524; x_wconf 83' lang='lat' dir='ltr'>partem</span> <span class='ocrx_word' id='word_1_191' title='bbox 189 2456 238 2506; x_wconf 89' lang='lat' dir='ltr'>sibi</span> <span class='ocrx_word' id='word_1_192' title='bbox 250 2457 341 2506; x_wconf 89' lang='lat' dir='ltr'>sumsit</span> <span class='ocrx_word' id='word_1_193' title='bbox 351 2456 378 2504; x_wconf 90' lang='lat' dir='ltr'>in</span> <span class='ocrx_word' id='word_1_194' title='bbox 394 2454 535 2518; x_wconf 78' lang='lat' dir='ltr'>Adelphos,</span> <span class='ocrx_word' id='word_1_195' title='bbox 553 2455 578 2502; x_wconf 88' lang='lat' dir='ltr'>h.</span> <span class='ocrx_word' id='word_1_196' title='bbox 588 2469 611 2503; x_wconf 88' lang='lat' dir='ltr'>e.</span> <span class='ocrx_word' id='word_1_197' title='bbox 632 2455 658 2503; x_wconf 91' lang='lat' dir='ltr'>in</span> <span class='ocrx_word' id='word_1_198' title='bbox 669 2469 772 2504; x_wconf 84' lang='lat' dir='ltr'>censum</span> <span class='ocrx_word' id='word_1_199' title='bbox 784 2455 891 2506; x_wconf 88' lang='lat' dir='ltr'>duorum</span> <span class='ocrx_word' id='word_1_200' title='bbox 902 2456 1020 2507; x_wconf 83' lang='lat' dir='ltr'>fratrum.</span> <span class='ocrx_word' id='word_1_201' title='bbox 1054 2459 1133 2510; x_wconf 79' lang='lat' dir='ltr'>Adel·</span> 
     </span>
     <span class='ocr_line' id='line_1_25' title="bbox 69 2534 1132 2606; baseline 0.003 -18"><span class='ocrx_word' id='word_1_202' title='bbox 69 2541 134 2606; x_wconf 87' lang='lat' dir='ltr'>phoe</span> <span class='ocrx_word' id='word_1_203' title='bbox 156 2538 254 2587; x_wconf 87' lang='lat' dir='ltr'>etenim</span> <span class='ocrx_word' id='word_1_204' title='bbox 273 2537 393 2586; x_wconf 88' lang='lat' dir='ltr'>dicuutur</span> <span class='ocrx_word' id='word_1_205' title='bbox 412 2536 508 2600; x_wconf 82' lang='lat' dir='ltr'>gemini</span> <span class='ocrx_word' id='word_1_206' title='bbox 527 2534 630 2597; x_wconf 87' lang='lat' dir='ltr'>fratres,</span> <span class='ocrx_word' id='word_1_207' title='bbox 640 2535 695 2584; x_wconf 86' lang='lat' dir='ltr'>sive</span> <span class='ocrx_word' id='word_1_208' title='bbox 707 2537 862 2599; x_wconf 76' lang='lat' dir='ltr'>generaliter</span> <span class='ocrx_word' id='word_1_209' title='bbox 871 2536 966 2587; x_wconf 89' lang='lat' dir='ltr'>fratres</span> <span class='ocrx_word' id='word_1_210' title='bbox 977 2540 1132 2605; x_wconf 82' lang='lat' dir='ltr'>quicumque</span> 
     </span>
     <span class='ocr_line' id='line_1_26' title="bbox 70 2614 1131 2684; baseline -0.001 -15"><span class='ocrx_word' id='word_1_211' title='bbox 70 2619 162 2684; x_wconf 86' lang='lat' dir='ltr'>aliquo</span> <span class='ocrx_word' id='word_1_212' title='bbox 173 2617 274 2666; x_wconf 90' lang='lat' dir='ltr'>numine</span> <span class='ocrx_word' id='word_1_213' title='bbox 286 2622 433 2678; x_wconf 88' lang='lat' dir='ltr'>censentur,</span> <span class='ocrx_word' id='word_1_214' title='bbox 450 2623 478 2664; x_wconf 90' lang='lat' dir='ltr'>et</span> <span class='ocrx_word' id='word_1_215' title='bbox 489 2628 595 2663; x_wconf 82' lang='lat' dir='ltr'>sorores.</span> <span class='ocrx_word' id='word_1_216' title='bbox 623 2614 688 2663; x_wconf 86' lang='lat' dir='ltr'>Haec</span> <span class='ocrx_word' id='word_1_217' title='bbox 701 2620 787 2663; x_wconf 90' lang='lat' dir='ltr'>autem</span> <span class='ocrx_word' id='word_1_218' title='bbox 799 2616 896 2664; x_wconf 88' lang='lat' dir='ltr'>Fabula</span> <span class='ocrx_word' id='word_1_219' title='bbox 907 2616 1003 2667; x_wconf 91' lang='lat' dir='ltr'>idcirco</span> <span class='ocrx_word' id='word_1_220' title='bbox 1011 2617 1131 2682; x_wconf 83' lang='lat' dir='ltr'>Adelphe</span> 
     </span>
     <span class='ocr_line' id='line_1_27' title="bbox 72 2694 1132 2761; baseline -0.001 -13"><span class='ocrx_word' id='word_1_221' title='bbox 72 2705 196 2760; x_wconf 79' lang='lat' dir='ltr'>vocatur,</span> <span class='ocrx_word' id='word_1_222' title='bbox 205 2697 265 2761; x_wconf 85' lang='lat' dir='ltr'>qnia</span> <span class='ocrx_word' id='word_1_223' title='bbox 276 2710 378 2745; x_wconf 88' lang='lat' dir='ltr'>causam</span> <span class='ocrx_word' id='word_1_224' title='bbox 387 2695 493 2744; x_wconf 90' lang='lat' dir='ltr'>duorum</span> <span class='ocrx_word' id='word_1_225' title='bbox 502 2695 611 2743; x_wconf 81' lang='lat' dir='ltr'>fratrum</span> <span class='ocrx_word' id='word_1_226' title='bbox 623 2694 830 2753; x_wconf 61' lang='lat' dir='ltr'>narraunemeae</span> <span class='ocrx_word' id='word_1_227' title='bbox 842 2701 869 2743; x_wconf 89' lang='lat' dir='ltr'>et</span> <span class='ocrx_word' id='word_1_228' title='bbox 880 2696 1009 2747; x_wconf 89' lang='lat' dir='ltr'>Micionis.</span> <span class='ocrx_word' id='word_1_229' title='bbox 1034 2698 1132 2748; x_wconf 87' lang='lat' dir='ltr'>Demea</span> 
     </span>
     <span class='ocr_line' id='line_1_28' title="bbox 72 2773 1131 2843; baseline -0.004 -13"><span class='ocrx_word' id='word_1_230' title='bbox 72 2779 203 2843; x_wconf 84' lang='lat' dir='ltr'>siqnidem</span> <span class='ocrx_word' id='word_1_231' title='bbox 226 2776 314 2826; x_wconf 86' lang='lat' dir='ltr'>habuit</span> <span class='ocrx_word' id='word_1_232' title='bbox 334 2776 397 2825; x_wconf 90' lang='lat' dir='ltr'>duos</span> <span class='ocrx_word' id='word_1_233' title='bbox 421 2775 497 2837; x_wconf 84' lang='lat' dir='ltr'>tilios,</span> <span class='ocrx_word' id='word_1_234' title='bbox 522 2787 630 2838; x_wconf 88' lang='lat' dir='ltr'>quorum</span> <span class='ocrx_word' id='word_1_235' title='bbox 651 2773 759 2822; x_wconf 83' lang='lat' dir='ltr'>alterum</span> <span class='ocrx_word' id='word_1_236' title='bbox 779 2776 966 2826; x_wconf 86' lang='lat' dir='ltr'>commendarit</span> <span class='ocrx_word' id='word_1_237' title='bbox 987 2775 1061 2826; x_wconf 86' lang='lat' dir='ltr'>fratri</span> <span class='ocrx_word' id='word_1_238' title='bbox 1085 2792 1131 2828; x_wconf 89' lang='lat' dir='ltr'>suo</span> 
     </span>
     <span class='ocr_line' id='line_1_29' title="bbox 69 2853 1132 2921; baseline -0.002 -11"><span class='ocrx_word' id='word_1_239' title='bbox 69 2857 185 2910; x_wconf 87' lang='lat' dir='ltr'>Micioni</span> <span class='ocrx_word' id='word_1_240' title='bbox 194 2856 227 2904; x_wconf 89' lang='lat' dir='ltr'>ad</span> <span class='ocrx_word' id='word_1_241' title='bbox 237 2856 408 2918; x_wconf 90' lang='lat' dir='ltr'>nutriendum,</span> <span class='ocrx_word' id='word_1_242' title='bbox 416 2857 460 2921; x_wconf 90' lang='lat' dir='ltr'>qui</span> <span class='ocrx_word' id='word_1_243' title='bbox 471 2855 618 2904; x_wconf 81' lang='lat' dir='ltr'>morabatur</span> <span class='ocrx_word' id='word_1_244' title='bbox 628 2854 654 2903; x_wconf 92' lang='lat' dir='ltr'>in</span> <span class='ocrx_word' id='word_1_245' title='bbox 664 2853 726 2903; x_wconf 86' lang='lat' dir='ltr'>urbe</span> <span class='ocrx_word' id='word_1_246' title='bbox 735 2860 762 2903; x_wconf 93' lang='lat' dir='ltr'>et</span> <span class='ocrx_word' id='word_1_247' title='bbox 772 2854 827 2904; x_wconf 88' lang='lat' dir='ltr'>sine</span> <span class='ocrx_word' id='word_1_248' title='bbox 837 2869 916 2904; x_wconf 86' lang='lat' dir='ltr'>uxore</span> <span class='ocrx_word' id='word_1_249' title='bbox 927 2864 991 2907; x_wconf 86' lang='lat' dir='ltr'>erat.</span> <span class='ocrx_word' id='word_1_250' title='bbox 1013 2857 1132 2909; x_wconf 82' lang='lat' dir='ltr'>Alterum</span> 
     </span>
     <span class='ocr_line' id='line_1_30' title="bbox 73 2933 1132 3010; baseline 0 -22"><span class='ocrx_word' id='word_1_251' title='bbox 73 2944 167 2989; x_wconf 85' lang='lat' dir='ltr'>autem</span> <span class='ocrx_word' id='word_1_252' title='bbox 179 2938 286 3010; x_wconf 81' lang='lat' dir='ltr'>retinuit</span> <span class='ocrx_word' id='word_1_253' title='bbox 298 2937 422 3000; x_wconf 88' lang='lat' dir='ltr'>sibi,cum</span> <span class='ocrx_word' id='word_1_254' title='bbox 433 2951 483 3001; x_wconf 91' lang='lat' dir='ltr'>quo</span> <span class='ocrx_word' id='word_1_255' title='bbox 499 2935 646 2985; x_wconf 80' lang='lat' dir='ltr'>morabatur</span> <span class='ocrx_word' id='word_1_256' title='bbox 664 2933 690 2983; x_wconf 90' lang='lat' dir='ltr'>in</span> <span class='ocrx_word' id='word_1_257' title='bbox 709 2942 776 2984; x_wconf 85' lang='lat' dir='ltr'>iure.</span> <span class='ocrx_word' id='word_1_258' title='bbox 810 2937 880 2984; x_wconf 90' lang='lat' dir='ltr'>Dum</span> <span class='ocrx_word' id='word_1_259' title='bbox 900 2949 963 3000; x_wconf 81' lang='lat' dir='ltr'>ergo</span> <span class='ocrx_word' id='word_1_260' title='bbox 982 2937 1071 3000; x_wconf 88' lang='lat' dir='ltr'>Micio,</span> <span class='ocrx_word' id='word_1_261' title='bbox 1088 2940 1132 3003; x_wconf 89' lang='lat' dir='ltr'>qui</span> 
     </span>
     <span class='ocr_line' id='line_1_31' title="bbox 72 3008 1131 3082; baseline -0.003 -12"><span class='ocrx_word' id='word_1_262' title='bbox 72 3023 101 3070; x_wconf 90' lang='lat' dir='ltr'>iu</span> <span class='ocrx_word' id='word_1_263' title='bbox 122 3017 188 3067; x_wconf 91' lang='lat' dir='ltr'>urbe</span> <span class='ocrx_word' id='word_1_264' title='bbox 198 3016 346 3079; x_wconf 82' lang='lat' dir='ltr'>habitabat,</span> <span class='ocrx_word' id='word_1_265' title='bbox 361 3016 475 3067; x_wconf 80' lang='lat' dir='ltr'>lasciviae</span> <span class='ocrx_word' id='word_1_266' title='bbox 487 3017 649 3081; x_wconf 86' lang='lat' dir='ltr'>permitteret</span> <span class='ocrx_word' id='word_1_267' title='bbox 660 3022 781 3079; x_wconf 90' lang='lat' dir='ltr'>nepotem</span> <span class='ocrx_word' id='word_1_268' title='bbox 792 3008 865 3065; x_wconf 85' lang='lat' dir='ltr'>suum</span> <span class='ocrx_word' id='word_1_269' title='bbox 883 3017 1000 3081; x_wconf 91' lang='lat' dir='ltr'>tendere,</span> <span class='ocrx_word' id='word_1_270' title='bbox 1013 3019 1131 3082; x_wconf 88' lang='lat' dir='ltr'>quoniam</span> 
     </span>
     <span class='ocr_line' id='line_1_32' title="bbox 73 3095 1133 3160; baseline 0.001 -11"><span class='ocrx_word' id='word_1_271' title='bbox 73 3101 132 3149; x_wconf 81' lang='lat' dir='ltr'>uita</span> <span class='ocrx_word' id='word_1_272' title='bbox 143 3097 245 3147; x_wconf 76' lang='lat' dir='ltr'>urbane</span> <span class='ocrx_word' id='word_1_273' title='bbox 260 3098 342 3147; x_wconf 89' lang='lat' dir='ltr'>otiosa</span> <span class='ocrx_word' id='word_1_274' title='bbox 351 3098 417 3147; x_wconf 87' lang='lat' dir='ltr'>solet</span> <span class='ocrx_word' id='word_1_275' title='bbox 429 3111 496 3158; x_wconf 84' lang='lat' dir='ltr'>esse,</span> <span class='ocrx_word' id='word_1_276' title='bbox 507 3095 680 3160; x_wconf 74' lang='lat' dir='ltr'>redarguebat</span> <span class='ocrx_word' id='word_1_277' title='bbox 692 3096 762 3145; x_wconf 89' lang='lat' dir='ltr'>illum</span> <span class='ocrx_word' id='word_1_278' title='bbox 773 3095 854 3146; x_wconf 88' lang='lat' dir='ltr'>frater</span> <span class='ocrx_word' id='word_1_279' title='bbox 865 3111 924 3147; x_wconf 86' lang='lat' dir='ltr'>suus</span> <span class='ocrx_word' id='word_1_280' title='bbox 945 3097 1050 3149; x_wconf 84' lang='lat' dir='ltr'>Demea.</span> <span class='ocrx_word' id='word_1_281' title='bbox 1084 3100 1133 3150; x_wconf 88' lang='lat' dir='ltr'>Ce-</span> 
     </span>
     <span class='ocr_line' id='line_1_33' title="bbox 76 3176 558 3243; baseline -0.008 -12"><span class='ocrx_word' id='word_1_282' title='bbox 76 3190 137 3231; x_wconf 83' lang='lat' dir='ltr'>tera</span> <span class='ocrx_word' id='word_1_283' title='bbox 147 3178 262 3243; x_wconf 90' lang='lat' dir='ltr'>pleniter</span> <span class='ocrx_word' id='word_1_284' title='bbox 271 3176 382 3241; x_wconf 80' lang='lat' dir='ltr'>legendo</span> <span class='ocrx_word' id='word_1_285' title='bbox 395 3176 558 3227; x_wconf 81' lang='lat' dir='ltr'>ridebuntur.</span> 
     </span>
    </p>
   </div>
   <div class='ocr_carea' id='block_1_8' title="bbox 446 3367 728 3380">
    <p class='ocr_par' dir='ltr' id='par_1_9' title="bbox 446 3367 728 3380">
     <span class='ocr_line' id='line_1_34' title="bbox 446 3367 728 3380; baseline 0 0"><span class='ocrx_word' id='word_1_286' title='bbox 446 3367 728 3380; x_wconf 50' lang='lat' dir='ltr'>mann—f</span> 
     </span>
    </p>
   </div>
   <div class='ocr_carea' id='block_1_9' title="bbox 396 3527 790 3602">
    <p class='ocr_par' dir='ltr' id='par_1_10' title="bbox 396 3527 790 3602">
     <span class='ocr_line' id='line_1_35' title="bbox 396 3527 790 3602; baseline 0.005 -2"><span class='ocrx_word' id='word_1_287' title='bbox 396 3527 790 3602; x_wconf 82' lang='lat' dir='ltr'><strong>PROLOGUS·</strong></span> 
     </span>
    </p>
   </div>
   <div class='ocr_carea' id='block_1_10' title="bbox 41 3663 852 3762">
    <p class='ocr_par' dir='ltr' id='par_1_11' title="bbox 41 3663 852 3762">
     <span class='ocr_line' id='line_1_36' title="bbox 41 3663 852 3762; baseline -0.01 -12"><span class='ocrx_word' id='word_1_288' title='bbox 41 3663 88 3750; x_wconf 86' lang='lat' dir='ltr'>P</span> <span class='ocrx_word' id='word_1_289' title='bbox 94 3696 272 3757; x_wconf 78' lang='lat' dir='ltr'>osrouuu</span> <span class='ocrx_word' id='word_1_290' title='bbox 290 3677 397 3744; x_wconf 75' lang='lat' dir='ltr'>Po‘eta</span> <span class='ocrx_word' id='word_1_291' title='bbox 412 3679 530 3757; x_wconf 88' lang='lat' dir='ltr'>sensit,</span> <span class='ocrx_word' id='word_1_292' title='bbox 546 3677 743 3762; x_wconf 86' lang='lat' dir='ltr'>scripturam</span> <span class='ocrx_word' id='word_1_293' title='bbox 759 3697 852 3744; x_wconf 82' lang='lat' dir='ltr'>suam</span> 
     </span>
    </p>
   </div>
   <div class='ocr_carea' id='block_1_11' title="bbox 80 3839 1133 3907">
    <p class='ocr_par' dir='ltr' id='par_1_12' title="bbox 80 3839 1133 3907">
     <span class='ocr_line' id='line_1_37' title="bbox 80 3839 1133 3907; baseline -0.006 -14"><span class='ocrx_word' id='word_1_294' title='bbox 80 3846 212 3907; x_wconf 79' lang='lat' dir='ltr'>Postquam</span> <span class='ocrx_word' id='word_1_295' title='bbox 222 3842 298 3892; x_wconf 74' lang='lat' dir='ltr'>Po&#39;elu</span> <span class='ocrx_word' id='word_1_296' title='bbox 311 3841 433 3892; x_wconf 84' lang='lat' dir='ltr'>Terentius</span> <span class='ocrx_word' id='word_1_297' title='bbox 446 3841 564 3892; x_wconf 76' lang='lat' dir='ltr'>intellexit</span> <span class='ocrx_word' id='word_1_298' title='bbox 579 3840 717 3904; x_wconf 70' lang='lat' dir='ltr'>comedim,</span> <span class='ocrx_word' id='word_1_299' title='bbox 726 3856 782 3905; x_wconf 76' lang='lat' dir='ltr'>psus</span> <span class='ocrx_word' id='word_1_300' title='bbox 795 3842 898 3905; x_wconf 82' lang='lat' dir='ltr'>scripsit,</span> <span class='ocrx_word' id='word_1_301' title='bbox 909 3840 997 3890; x_wconf 74' lang='lat' dir='ltr'>mriouc</span> <span class='ocrx_word' id='word_1_302' title='bbox 1008 3839 1133 3903; x_wconf 76' lang='lat' dir='ltr'>euphrori,</span> 
     </span>
    </p>
   </div>
   <div class='ocr_carea' id='block_1_12' title="bbox 51 4047 1134 4187">
    <p class='ocr_par' dir='ltr' id='par_1_13' title="bbox 51 4047 1134 4187">
     <span class='ocr_line' id='line_1_38' title="bbox 82 4047 1133 4112; baseline -0.003 -11"><span class='ocrx_word' id='word_1_303' title='bbox 82 4053 148 4101; x_wconf 78' lang='lat' dir='ltr'>iiaee</span> <span class='ocrx_word' id='word_1_304' title='bbox 160 4051 259 4100; x_wconf 88' lang='lat' dir='ltr'>Fabula</span> <span class='ocrx_word' id='word_1_305' title='bbox 269 4051 296 4099; x_wconf 93' lang='lat' dir='ltr'>iu</span> <span class='ocrx_word' id='word_1_306' title='bbox 306 4051 369 4100; x_wconf 85' lang='lat' dir='ltr'>Mss.</span> <span class='ocrx_word' id='word_1_307' title='bbox 383 4049 497 4112; x_wconf 89' lang='lat' dir='ltr'>plurimis</span> <span class='ocrx_word' id='word_1_308' title='bbox 513 4056 620 4100; x_wconf 86' lang='lat' dir='ltr'>vocatur</span> <span class='ocrx_word' id='word_1_309' title='bbox 638 4047 790 4096; x_wconf 75' lang='lat' dir='ltr'>Aburnium.</span> <span class='ocrx_word' id='word_1_310' title='bbox 824 4048 898 4099; x_wconf 83' lang='lat' dir='ltr'>Quod</span> <span class='ocrx_word' id='word_1_311' title='bbox 915 4047 1004 4096; x_wconf 90' lang='lat' dir='ltr'>itidem</span> <span class='ocrx_word' id='word_1_312' title='bbox 1021 4062 1054 4097; x_wconf 84' lang='lat' dir='ltr'>ex</span> <span class='ocrx_word' id='word_1_313' title='bbox 1070 4048 1133 4098; x_wconf 87' lang='lat' dir='ltr'>libb.</span> 
     </span>
     <span class='ocr_line' id='line_1_39' title="bbox 51 4112 1134 4187; baseline 0 -23"><span class='ocrx_word' id='word_1_314' title='bbox 51 4116 165 4181; x_wconf 63' lang='lat' dir='ltr'>antiquis</span> <span class='ocrx_word' id='word_1_315' title='bbox 181 4115 270 4164; x_wconf 89' lang='lat' dir='ltr'>laudat</span> <span class='ocrx_word' id='word_1_316' title='bbox 287 4115 357 4164; x_wconf 84' lang='lat' dir='ltr'>Mur.</span> <span class='ocrx_word' id='word_1_317' title='bbox 389 4114 441 4165; x_wconf 89' lang='lat' dir='ltr'>Sed</span> <span class='ocrx_word' id='word_1_318' title='bbox 460 4121 488 4164; x_wconf 91' lang='lat' dir='ltr'>et</span> <span class='ocrx_word' id='word_1_319' title='bbox 498 4113 617 4187; x_wconf 70' lang='lat' dir='ltr'>Gifsnius</span> <span class='ocrx_word' id='word_1_320' title='bbox 628 4112 654 4162; x_wconf 90' lang='lat' dir='ltr'>in</span> <span class='ocrx_word' id='word_1_321' title='bbox 665 4112 722 4163; x_wconf 89' lang='lat' dir='ltr'>lud.</span> <span class='ocrx_word' id='word_1_322' title='bbox 739 4113 843 4163; x_wconf 74' lang='lat' dir='ltr'>lucret.</span> <span class='ocrx_word' id='word_1_323' title='bbox 856 4127 879 4161; x_wconf 86' lang='lat' dir='ltr'>v.</span> <span class='ocrx_word' id='word_1_324' title='bbox 893 4113 1000 4165; x_wconf 85' lang='lat' dir='ltr'>Tractus</span> <span class='ocrx_word' id='word_1_325' title='bbox 1011 4116 1134 4178; x_wconf 87' lang='lat' dir='ltr'>corporis.</span> 
     </span>
    </p>
   </div>
   <div class='ocr_carea' id='block_1_13' title="bbox 111 4195 1071 4261">
    <p class='ocr_par' dir='ltr' id='par_1_14' title="bbox 111 4195 1071 4261">
     <span class='ocr_line' id='line_1_40' title="bbox 111 4195 1071 4261; baseline -0.002 -15"><span class='ocrx_word' id='word_1_326' title='bbox 111 4196 202 4261; x_wconf 82' lang='lat' dir='ltr'>Delplr.</span> <span class='ocrx_word' id='word_1_327' title='bbox 211 4202 236 4246; x_wconf 86' lang='lat' dir='ltr'>et</span> <span class='ocrx_word' id='word_1_328' title='bbox 245 4196 303 4246; x_wconf 83' lang='lat' dir='ltr'>Vnr.</span> <span class='ocrx_word' id='word_1_329' title='bbox 314 4195 379 4247; x_wconf 79' lang='lat' dir='ltr'>Cius.</span> <span class='ocrx_word' id='word_1_330' title='bbox 550 4196 642 4245; x_wconf 81' lang='lat' dir='ltr'>Termi.</span> <span class='ocrx_word' id='word_1_331' title='bbox 1014 4197 1030 4244; x_wconf 78' lang='lat'>2</span> <span class='ocrx_word' id='word_1_332' title='bbox 1047 4195 1071 4243; x_wconf 95' lang='lat' dir='ltr'>U</span> 
     </span>
    </p>
   </div>
   <div class='ocr_carea' id='block_1_14' title="bbox 0 0 1360 4694">
    <p class='ocr_par' dir='ltr' id='par_1_15' title="bbox 0 0 1360 4694">
     <span class='ocr_line' id='line_1_41' title="bbox 0 0 1360 4694; baseline 0 0"><span class='ocrx_word' id='word_1_333' title='bbox 0 0 1360 4694; x_wconf 95' lang='lat' dir='ltr'> </span> 
     </span>
    </p>
   </div>
  </div>
 </body>
</html>
