2678 4694
417 314 653 384 ruonuronrs
678 317 943 366 ncr.11.sc.r.
1079 278 1085 287 ⁵
1163 305 1231 369 943

126 452 329 622 Molendurp
340 474 449 538 usquc
464 458 499 520 in
511 458 673 541 pistrino;
689 461 937 543 vapulandum
959 457 1124 528 habendae
1137 482 1228 528 conr·

282 578 301 623 e
325 578 384 623 es·

125 658 225 745 (lpus
239 578 306 724 riliri
320 607 534 726 faciundum:
549 662 666 728 horum
680 665 763 728 nibil
774 665 958 747 quicquam
970 665 1102 730 accidet
1117 667 1227 730 animo

258 781 394 825 norum.
1006 795 1009 800 ·
1182 768 1227 832 20

126 862 306 946 Quicquid
320 867 441 945 praeter
457 880 552 945 spem
567 864 708 943 eveniet,
732 884 831 931 omne
847 865 881 930 id
906 866 1075 952 deputabo
1096 889 1171 934 esse
1192 871 1228 934 in

256 965 365 1029 lucro.

126 1065 293 1149 uerique
309 1084 424 1130 cessas
438 1065 606 1130 bominem
622 1067 725 1146 adire,
740 1071 775 1132 ct
786 1068 910 1132 blande
926 1069 960 1132 in
981 1069 1153 1154 principio
1176 1072 1228 1135 ul·

127 1266 198 1333 Du.
221 1168 411 1334 Pigriim
426 1269 493 1332 mei
508 1267 619 1334 fratris
634 1270 734 1334 video
750 1270 856 1336 filiurn
872 1271 952 1336 mibi
968 1273 1016 1337 iro
1036 1275 1182 1339 obviam.

126 1368 232 1435 Peru·
248 1369 300 1434 Mi
317 1377 447 1454 patrue,
462 1370 568 1436 salve.
601 1372 670 1436 Da.
684 1374 808 1438 Salve:
825 1375 888 1438 sed
902 1375 960 1438 nbi
976 1381 1030 1440 est
1045 1376 1227 1458 Antiphol

125 1471 232 1537 Pus.
255 1472 392 1537 Salvom
407 1472 577 1538 advenire.
622 1475 692 1538 Du.
716 1474 846 1541 Credo:
869 1474 936 1539 boc
952 1476 1118 1559 responde
1133 1476 1227 1541 mibi.

122 1655 247 1715 mdc
256 1653 350 1709 auidus
362 1655 430 1703 mole
441 1654 466 1703 ira
476 1654 587 1717 pistrino,
598 1655 674 1718 oirgoe
685 1659 726 1705 uui
737 1654 819 1714 frutes
827 1656 858 1704 ad
869 1656 1025 1718 copulandum
1034 1654 1156 1712 subaudi,
1166 1669 1227 1704 com·

116 1718 222 1781 pedibas
231 1733 302 1767 crura
309 1719 499 1778 commanendo,
507 1720 572 1768 ruris
579 1721 722 1784 operientur
733 1719 918 1769 incumbendum.
937 1721 1007 1767 Nihil
1014 1719 1136 1782 quiequam
1146 1720 1229 1768 torum

119 1782 202 1833 sitim
212 1782 363 1844 iroproritum
377 1783 497 1844 confinget
511 1783 586 1832 milii:
603 1784 711 1847 quicquid
719 1790 808 1846 preter
818 1783 1000 1846 superlationem
1011 1785 1111 1846 eveniet,
1122 1784 1147 1832 id
1158 1798 1229 1846 oppo-

118 1860 179 1897 m
198 1846 271 1896 um.
309 1846 405 1907 Verum,
418 1847 540 1907 Plroedric,
554 1849 610 1911 quid
624 1850 785 1898 metamor
796 1848 965 1911 Duulplrouem
975 1850 1092 1907 urceum,
1103 1854 1127 1896 et
1137 1847 1229 1896 Mandis

114 1910 202 1962 verbi·
209 1911 238 1959 tn
247 1909 323 1974 primo
334 1925 521 1972 congressurum
532 1914 675 1975 compellare.
693 1914 746 1963 Du.
766 1912 840 1963 Video
852 1913 987 1961 Pioedrr'cm
991 1911 1083 1972 fratris
1094 1913 1140 1961 mei
1153 1912 1227 1960 Circ-

116 1974 195 2027 netr'r
232 1977 281 2024 issu
291 1974 351 2023 mibi
362 1981 528 2024 corruentem.
555 1977 610 2025 Pu.
629 1977 669 2025 Mi
678 1983 769 2041 patrue,
779 1978 851 2026 soloe.
884 1977 937 2025 Du.
953 1976 1038 2024 Soleus
1048 1975 1229 2038 ris,Plroedric.·

113 2039 163 2091 sd
212 2040 223 2088 i
242 2044 278 2088 cst
297 2038 420 2102 Artiplrot
452 2040 507 2090 Pu.
523 2040 620 2089 Sulcum
635 2047 660 2090 te
674 2041 785 2091 odoeuin
804 2041 905 2102 gaudeo.
939 2040 993 2089 lis.
1012 2041 1105 2089 Credo:
1129 2041 1172 2090 lior
1191 2053 1228 2088 re-

112 2281 232 2347 pes-19
248 2279 288 2331 M.
299 2281 361 2330 Mol.
372 2295 422 2329 esse
433 2281 468 2329 iu.
488 2277 537 2329 Ms.
550 2280 620 2340 Lipe.
633 2280 695 2328 Mol.
712 2279 827 2328 miliesse
837 2278 864 2327 iu
874 2292 899 2340 p.
907 2292 933 2340 p.
945 2277 978 2326 G.
990 2283 1018 2326 et
1028 2276 1084 2327 ΕΡ.
1097 2277 1156 2326 Mol.
1168 2278 1228 2327 milri

115 2350 156 2399 ut
168 2358 244 2407 risque
254 2345 280 2393 iu
288 2361 314 2408 p.
335 2345 413 2394 Bodl.
424 2344 486 2394 Mol.
498 2343 557 2392 milri
567 2357 616 2392 erse
626 2359 698 2407 usque
707 2343 733 2392 iu
740 2358 765 2406 p.
795 2341 848 2392 Alii
860 2344 946 2393 aliter.
972 2342 1089 2391 Donatus
1101 2350 1127 2390 et
1139 2356 1189 2392 esse
1199 2350 1228 2392 et

114 2423 195 2473 usque
216 2407 290 2471 legit,
317 2409 364 2459 sed
384 2408 496 2458 diversis
518 2407 665 2457 ecdicium.
685 2410 729 2458 Tr.
759 2407 877 2457 luculi:
901 2405 969 2470 quod
999 2407 1070 2455 valet
1089 2406 1230 2456 iubrudrrrrr.

112 2473 167 2525 Sic
189 2472 218 2521 iu
238 2473 330 2523 eoderu
349 2473 454 2534 Codice,
479 2473 583 2520 munds
605 2479 633 2522 et
645 2473 769 2533 faciunda.
803 2472 874 2521 Citat
894 2471 1054 2531 Lactantius,
1075 2471 1107 2518 de
1130 2472 1228 2520 Divino

114 2530 248 2598 Furnio,
258 2541 369 2614 capii⁷
400 2539 408 2566 ⁸
423 2536 585 2599 Reponenda
596 2545 656 2585 sunt
667 2537 741 2586 nobis
753 2551 803 2585 nou
816 2541 916 2584 tautum
933 2535 1089 2620 Terenffinna
1101 2536 1155 2595 illa,
1166 2537 1228 2585 Mol.

93 2664 97 2671 “
115 2615 253 2717 &Vm
259 2601 735 2729 gopmnmirevffrirlgzirime’ri‘gbmgiii
745 2598 1126 2724 eli'b'iiedtiir'aririgre&dictirilriitrn
1144 2599 1228 2711 offitii.

116 2730 551 2855 ltbt‘tibutitltt.”iii
567 2726 1228 2853 ibdllfltltttttitillrtt'ltltlrlt:

117 2870 193 2913 sepas
215 2856 291 2904 dedit
309 2856 466 2905 Terentius:
484 2870 543 2905 nam
562 2855 664 2914 integre
675 2861 757 2914 esset,
768 2855 790 2902 si
807 2855 917 2915 diceret,
930 2853 1061 2901 habendas
1071 2855 1226 2917 compedes:

117 2918 193 2973 nuda
205 2919 310 2984 quidam
327 2933 378 2967 nou
393 2934 452 2978 erae,
463 2920 508 2969 sed
526 2935 598 2984 usque
616 2919 723 2983 legunt!
758 2920 840 2969 Recte
860 2918 964 2982 quidem
980 2918 1038 2977 boc,
1057 2919 1077 2966 si
1091 2919 1229 2968 Molendum

117 2999 172 3037 m
181 2984 290 3048 legeris,
303 2982 395 3033 vitioso
411 2981 500 3032 inferri
511 2984 631 3033 lraberrdoe.
664 2982 714 3032 Sed
727 2982 840 3031 demiror
852 2997 909 3032 enm
922 2982 1000 3030 toties
1013 2982 1113 3031 auctori
1126 2983 1151 3030 id
1165 2984 1227 3032 vitio

119 3058 239 3110 vertere,
258 3048 326 3112 quod
344 3055 517 3111 peccaverant
536 3046 664 3098 Librarii:
687 3047 798 3096 babendo
816 3046 895 3096 etiarn
915 3045 985 3108 apud
1004 3045 1050 3094 Pr.
1069 3055 1110 3095 est
1124 3061 1150 3108 p.
1170 3050 1251 3096 oth·

90 3158 97 3167 .
120 3112 217 3167 Nostri
228 3127 317 3161 ornnes
326 3112 446 3173 iubendo,
456 3122 484 3162 et
495 3113 561 3176 pleri
581 3127 612 3160 ue
628 3112 766 3161 Molendum
776 3111 837 3160 milri
846 3125 983 3172 curuoque.
1006 3110 1122 3172 Repone‚
1136 3111 1228 3159 Moles·

119 3180 205 3229 surr
215 3176 240 3226 iri
246 3177 529 3240 pistrinorsupulorrdrrm,
536 3128 667 3226 iciendum
676 3178 805 3238 compedes,
816 3176 884 3238 Opus
892 3176 944 3224 mrr'
951 3173 1100 3236 faciundum.
1132 3175 1228 3224 Omnia

119 3242 167 3293 iric
184 3241 322 3291 Geruudia
342 3248 419 3301 sunt;
437 3256 497 3300 non,
509 3249 538 3290 ut
555 3244 685 3304 Donatus,
703 3241 809 3303 ‘Supra
823 3239 967 3297 (isinodio,
985 3237 1053 3287 inira
1069 3239 1228 3302 participia!

120 3306 324 3368 interpolarent
334 3306 418 3353 locuni
431 3306 561 3367 Magistri.
578 3307 653 3357 Brut.
685 3305 752 3356 GM.
768 3305 879 3354 iabeudoe
890 3304 1012 3353 exbibet:
1031 3310 1059 3352 et
1069 3319 1127 3367 sup.
1137 3305 1231 3368 script.

120 3373 189 3421 anri.
223 3369 286 3420 Itid.
298 3368 357 3418 lrab.
367 3366 455 3418 Gnetf.
466 3373 491 3417 t.
503 3369 528 3415 in
540 3378 674 3419 contextu.
694 3372 758 3420 Perl.
780 3368 833 3432 Αρ.
853 3371 972 3419 bactani.
990 3369 1057 3417 maie
1069 3375 1164 3430 prreter
1175 3382 1229 3417 rue·

122 3441 194 3487 trum
201 3433 319 3498 jungitur
332 3432 393 3481 Mol.
403 3445 452 3481 erse
466 3446 539 3492 usque
553 3433 581 3479 a'u
593 3449 616 3492 p.
644 3435 687 3482 Sic
705 3435 773 3481 eninr
787 3448 874 3481 versus
886 3433 1024 3482 exerescit.
1044 3433 1102 3494 Rip.
1130 3433 1229 3480 Holen-

121 3497 358 3556 ceallehurrigi
373 3496 542 3558 jussitBent.
560 3496 633 3544 Botlr.
665 3497 718 3547 Qui
735 3497 773 3542 ric
791 3495 836 3543 dat
851 3510 909 3544 curu
922 3496 993 3544 Peri.
1025 3497 1085 3543 Esse
1099 3509 1147 3556 pro
1157 3509 1228 3555 uque

122 3563 173 3612 dat
183 3563 327 3612 Boiu-22
344 3561 392 3611 Sed
404 3566 431 3610 tu
442 3558 512 3623 quid]
527 3558 668 3607 Inserimus
685 3565 721 3618 tu,
731 3558 828 3620 absque
840 3572 891 3621 qno
909 3557 1056 3605 octonarius
1073 3571 1123 3604 non
1136 3571 1227 3619 proce-

122 3626 175 3677 dit.
208 3626 363 3676 Scribebant
377 3625 435 3684 Set,
452 3626 521 3674 unde
540 3621 616 3672 facile
635 3621 687 3670 t'uit
708 3620 839 3672 absorberi
862 3626 896 3669 tu.
915 3621 974 3682 Rip.
1008 3619 1135 3668 Hominem
1151 3635 1228 3670 cessus

123 3689 288 3754 Delpb.·-2ii
304 3689 438 3751 Incipiunt
457 3688 560 3739 senarii.
592 3687 707 3736 Primum
728 3685 844 3748 plerique
866 3683 982 3746 turbant,
992 3683 1036 3748 qui
1053 3685 1144 3747 legunt
1157 3685 1227 3732 Plue-

123 3755 207 3805 uriam
219 3755 266 3804 mei
276 3753 314 3814 fr.
347 3754 415 3803 Sane
432 3755 515 3816 ipsum
535 3766 628 3801 nomen
647 3750 784 3799 redundat.
802 3750 857 3813 Rip.
891 3750 964 3798 Vett.
985 3748 1043 3797 edd.
1056 3748 1133 3797 iubis
1145 3746 1233 3800 Aures

124 3818 241 3883 signaui,
255 3818 343 3867 nescio
361 3832 411 3881 qna
428 3816 594 3877 auctoritate,
604 3815 729 3864 omittunt
743 3813 772 3863 rb
783 3813 929 3864 Plroerlrr'um·
962 3814 1058 3862 Versus
1079 3819 1142 3862 tuuc
1159 3811 1229 3862 soret

125 3882 251 3933 isnrbicus
271 3882 486 3931 sonorantium.
519 3880 629 3931 Omittit
649 3879 675 3929 id
693 3879 788 3940 Delplr.
807 3886 835 3928 ct
851 3879 887 3927 irc
903 3878 962 3928 milri
979 3878 1118 3942 tegio-ao
1135 3877 1232 3928 Leidd.

126 3957 193 4007 tres,
204 3947 274 4010 Lips.
287 3947 332 3997 Tr.
343 3945 421 3994 Rodl.
432 3959 491 3993 cunr
503 3946 558 3994 ΕΡ.
574 3945 670 3995 Sulcum
686 3949 709 3993 tr
725 3943 845 3992 aduenire.
877 3943 994 3993 Quartus
1006 3956 1064 3992 cum
1076 3943 1115 3991 M.
1133 3941 1228 3991 Salvom

126 4012 239 4063 urende
260 4019 292 4062 te.
325 4010 446 4068 Quintus,
464 4009 504 4057 Ar
522 4011 644 4058 simbolum
660 4008 755 4058 croire:
780 4006 895 4070 plerique
914 4007 968 4066 alii,
995 4015 1021 4055 ut
1049 4006 1130 4056 edidi.
1149 4005 1226 4056 West.

127 4075 265 4140 Erupbcsis
283 4082 323 4123 est
334 4075 360 4123 in
370 4074 405 4133 τῷ
421 4073 489 4120 Hoc:
506 4088 530 4136 q·
541 4076 567 4123 d.
585 4072 661 4125 Quod
680 4070 826 4136 quaerebaro
837 4069 871 4119 de
884 4069 1039 4131 Antiphone,
1050 4069 1077 4118 id
1093 4070 1162 4119 scire
1182 4085 1229 4119 ex·

128 4149 244 4205 perone
259 4147 289 4190 tu
305 4153 346 4190 me
362 4137 503 4187 adrentum
520 4137 673 4202 gratulando
690 4135 828 4186 obtundas.
862 4134 966 4191 ernuto
984 4133 1066 4198 magis
1083 4134 1185 4200 iniquus
1199 4135 1227 4184 in
