2678 4694
422 308 585 359 unsrun
607 306 692 357 sce.
707 308 757 356 tv.
780 308 832 359 sc.
848 309 897 356 tv.
1136 291 1200 358 881

102 453 205 520 Uxor
218 453 300 537 quid
315 444 431 531 sociat
441 452 480 516 in
496 471 595 516 menn
604 448 676 518 'non
691 459 744 516 est
758 472 853 519 meu:

100 556 236 622 Neutra
250 556 285 618 in
299 556 448 620 revehis
463 553 746 618 difficultusame
761 554 835 618 erit.
1157 556 1201 620 «15

100 658 171 724 Sed
184 656 265 741 quid
281 653 444 723 faciemus
459 657 591 741 puero‘l
636 657 701 720 Ire.
725 655 885 722 Ridicule
896 673 1015 737 roges:

100 757 280 841 Quicquid
292 757 439 823 futurum
453 755 506 836 'st,
520 756 598 822 huic
613 777 711 821 snum
725 758 850 823 reddes'
860 757 1005 834 scilicet,

98 859 152 924 Ut
167 859 296 925 alarum
309 868 473 927 nostrum.
517 859 615 925 Pau.
639 859 748 939 Quem
763 861 840 945 ipse
854 859 1002 942 neglexit
1017 863 1125 943 peter,

100 1065 170 1120 Quid
181 1065 326 1126 exorsoeist
335 1082 372 1116 sne
382 1067 463 1124 inscie,
473 1081 521 1116 sos
530 1072 566 1117 est
576 1067 603 1116 is
610 1072 727 1131 potestm
737 1083 789 1118 mss
799 1069 825 1118 id
832 1070 944 1129 Mestum
953 1070 1065 1118 reddere:
1080 1073 1164 1118 meu
1171 1067 1199 1117 is
1274 1073 1278 1080 '

96 1143 136 1186 re,
146 1145 191 1178 osee
201 1132 227 1206 ist
233 1132 369 1180 remissione
376 1147 418 1181 nee
426 1133 452 1181 irs
461 1133 602 1209 reducimus,
612 1148 656 1195 per
665 1148 702 1182 sse
712 1133 827 1209 sciatici
838 1134 971 1209 diffinitos.
1004 1134 1052 1183 Sed
1062 1134 1117 1196 quid
1121 1133 1199 1192 socie·

97 1208 153 1242 sees
169 1198 200 1243 de
217 1193 310 1255 aduste
330 1201 387 1245 noio
407 1211 439 1245 ea·
455 1197 609 1245 Phthiatem?
643 1198 690 1245 ΕΑ.
709 1198 759 1246 Per
774 1214 848 1248 mass
864 1200 889 1247 td
905 1200 1046 1260 interroges.
1081 1197 1197 1260 ΝΜ

96 1259 230 1322 adtinget,
242 1261 367 1324 Pamphile
375 1263 448 1312 redde
461 1261 622 1326 sssmjilisst,
632 1267 659 1310 ut
670 1277 711 1310 sos
721 1265 842 1312 edomemus
850 1278 912 1314 msa.
945 1264 995 1313 ΡΑ,
1012 1250 1104 1326 Pake,
1113 1263 1198 1321 Peter,

558 1404 740 1426 ”WMOOOO

96 1508 242 1571 commode,
253 1525 329 1576 quam
340 1525 386 1561 nos
402 1525 436 1562 ex
455 1511 611 1563 anctoritate
622 1514 790 1576 complurium
801 1511 934 1572 librorum,
945 1510 971 1560 in
987 1511 1078 1574 qulbus
1096 1518 1141 1560 sut
1152 1525 1195 1560 sx-

96 1582 198 1640 puncts
208 1581 256 1636 est,
268 1583 312 1624 aut
323 1591 373 1625 nou
385 1585 427 1625 est
437 1578 550 1639 omnino,
559 1578 693 1629 delenisse)
703 1579 747 1628 Fe.
780 1578 839 1627 ‘Sic
849 1586 877 1627 et
888 1579 968 1633 nostri
978 1576 1093 1640 plerique
1106 1576 1195 1625 delent

96 1650 136 1690 'ess-
152 1637 254 1695 Omnes
265 1640 400 1702 maleas,
412 1647 439 1689 et
470 1643 564 1705 uinque
574 1642 689 1705 primarii
699 1640 913 1692 reductoa‘Beut.
930 1641 1010 1690 ‘Men
1020 1641 1053 1689 G.
1066 1641 1195 1690 etBoeud.

96 1702 143 1754 sed
154 1711 183 1753 et
195 1705 324 1763 Donatus,
335 1707 359 1755 N
363 1706 435 1754 onius
486 1707 606 1766 arcellus,
617 1707 767 1771 Diomedes,
786 1706 978 1766 Gambsrellus,
990 1705 1120 1754 Remissane
1138 1720 1196 1767 opos

96 1767 130 1818 rts
140 1768 215 1825 vohis.
224 1784 254 1816 os
271 1771 502 1831 admuntensem,
513 1771 611 1835 legunt
636 1772 691 1822 ΕΡ.
703 1770 835 1821 Remissos‘
845 1785 902 1835 opus
911 1770 952 1832 sit,
962 1772 1033 1819 redae
1049 1772 1144 1819 taedeat
1154 1771 1195 1819 do-

96 1847 168 1882 rssrss.
202 1822 380 1884 Edidisutem
393 1835 699 1897 Redductr,ohmetrum.
732 1836 837 1885 Lueret.
856 1836 951 1884 lih.rv.
968 1839 1026 1884 989.
1045 1835 1195 1898 ‘vocesque

96 1902 206 1960 tepente
213 1897 333 1955 Mittunt,
340 1905 367 1948 et
378 1899 483 1948 crehras
495 1899 643 1950 redducunt
654 1901 757 1950 usrihus
767 1899 875 1950 altres.''
886 1899 964 1949 West.
981 1898 1196 1949 Redeu'...reo·

96 1959 192 2012 Μ’
203 1962 263 2024 Bip.
275 1963 352 2011 Botis.
375 1962 503 2026 sobmopsrs
512 1966 585 2015 sitsss
595 1967 708 2015 reductos
719 1967 766 2015 Br.
783 1967 894 2014 reductas
904 1964 975 2013 Perl.
986 1963 1019 2024 Α,
1030 1965 1059 2011 C.
1077 1980 1108 2012 os
1118 1964 1195 2013 deest

97 2026 120 2077 ln
133 2026 234 2076 A.-so
252 2027 361 2077 Ridicule
379 2029 480 2088 hederis
498 2029 554 2078 ΕΡ.
575 2037 603 2079 et
620 2031 720 2093 loqueris
730 2030 775 2077 Br.
795 2044 845 2092 pro
860 2029 966 2090 ,χι-47.
977 2033 1010 2076 48
1027 2028 1094 2075 Huic
1109 2029 1195 2076 reddor

97 2088 182 2154 mim!
199 2091 233 2139 Ut
244 2092 336 2140 domm
352 2092 440 2141 scilicet
459 2093 506 2142 Br.
538 2094 652 2143 ‘Omnes
668 2093 724 2143 t'ere
744 2094 811 2153 libri,
821 2094 889 2141 inter
900 2106 963 2154 qttos
979 2091 1156 2150 vetustissimi,
1166 2099 1195 2141 et

97 2155 339 2216 danamarchae
350 2155 430 2205 verbs
440 2157 572 2218 ordinant,
579 2158 633 2206 huie
639 2172 706 2207 soum
714 2159 799 2206 reddas
809 2155 839 2204 s.’
857 2156 903 2203 Fa.
919 2157 926 2182 ‘
942 2154 1080 2202 Psuciores
1093 2169 1125 2202 ex
1135 2170 1195 2203 uos·

97 2219 154 2280 tris,
164 2218 240 2269 Suum
250 2219 351 2270 reddas!
363 2221 440 2270 Beni.
475 2221 538 2271 Huic
548 2223 637 2272 scilieet
645 2221 730 2270 reddes
736 2235 803 2269 mum
814 2219 892 2267 Both.
903 2218 1048 2266 huioreddus
1056 2234 1126 2267 suum
1131 2219 1193 2281 Bip.

97 2287 160 2334 -ts
178 2283 223 2332 ltu
240 2284 353 2349 quinque
372 2286 436 2335 Mes.
453 2285 594 2335 Leidenses
613 2292 640 2335 et
658 2285 692 2334 G.
726 2284 758 2333 ln
769 2285 813 2333 Tr.
826 2283 879 2346 lpse
898 2281 1061 2332 emendatum
1081 2283 1107 2330 in
1127 2282 1193 2347 Ipse.

97 2347 226 2414 leomodo
248 2357 276 2398 et
296 2349 386 2399 Boeud.
404 2349 479 2410 legit,
497 2356 526 2398 et
542 2348 620 2399 Bodl.
639 2348 784 2414 probatque
803 2347 886 2397 Boecl.
913 2347 1015 2412 quundo
1027 2347 1104 2397 Pater
1114 2344 1194 2399 fuerit

97 2413 239 2465 tonitrus.
272 2413 390 2464 Exhibeo
402 2422 487 2463 sutem
498 2415 638 2467 lectionem
649 2413 749 2464 Fse'rno
767 2412 911 2476 probatam,
941 2413 1147 2461 usmetPareus
1158 2428 1192 2462 ex

97 2484 205 2542 lustum
215 2478 280 2529 Mss.
291 2479 384 2528 edidit.
410 2479 576 2547 consentiunt
594 2480 667 2530 lunt.
682 2478 743 2526 Ald.
760 2479 856 2526 Vener.
867 2428 948 2541 bugd.
960 2475 1045 2526 Auen.
1058 2478 1124 2527 sliae.
1157 2478 1193 2529 Et

97 2541 272 2593 rideturssne
283 2543 477 2606 ippormdrepeo,
497 2544 517 2592 si
537 2558 627 2592 sensus
647 2544 689 2602 sit,
706 2542 780 2604 ‘Ego
797 2543 872 2600 alem,
885 2556 959 2603 quem
978 2542 1034 2604 ipse
1052 2551 1127 2603 pater
1145 2557 1190 2592 ue-

97 2605 205 2669 plexit?
222 2606 314 2670 Neque
326 2608 392 2656 eninr
404 2610 412 2635 ⁴
425 2605 495 2670 lpsu’
508 2608 662 2658 Philumena
672 2608 914 2668 neglexerstusque
924 2606 1007 2654 adhuc
1019 2619 1138 2666 puerum,
1147 2621 1191 2654 ne-

97 2685 142 2735 tue
154 2671 337 2735 exponendum
349 2671 466 2721 dederat.
500 2673 536 2721 Et
547 2671 567 2719 si
577 2672 616 2720 vel
627 2672 737 2719 maxime
747 2678 830 2719 mater
838 2670 1094 2732 neglexissel‚nrinus
1107 2679 1191 2719 tamen

98 2734 187 2785 denes
197 2734 253 2785 hmc
264 2743 321 2785 erut
332 2751 410 2784 causa
419 2735 555 2798 Pamphilo
567 2750 617 2783 uon
623 2734 713 2825 ‘silendi
727 2734 809 2810 pueri.
825 2734 933 2808 Tumpsi
945 2734 1001 2796 Ipse
1012 2732 1103 2782 fuisset
1111 2735 1190 2817 scrip:

98 2799 1190 2928 titlttssllttllh'lllhttttahhl,3thttlllzttttlhhttt,

98 2927 134 2989 re]
144 2927 264 2986 Lacheti,
276 2930 317 2977 rel
330 2928 471 2993 Phidippo,
482 2930 542 2992 qrtia
559 2928 634 2975 fidem
647 2927 756 2976 dederat
766 2927 917 2989 Pamphilus
928 2927 1079 2990 Myrrhina,
1087 2942 1114 2974 se
1127 2931 1189 2976 taci-

98 3006 190 3042 msum.
222 2992 275 3042 Sed
293 3007 377 3058 neque
392 2994 449 3042 hooc
468 2994 535 3042 ratio
551 2991 858 3055 isoi1,ut1psolegstur;
876 2991 1039 3054 potuitenim
1051 3005 1190 3039 conversus

98 3056 123 3106 td
135 3061 299 3119 spectatores
310 3058 365 3106 haec
377 3058 464 3107 dicere
476 3058 738 3121 Pamphilus,quihrrs
751 3056 805 3119 jam
822 3063 882 3105 ante
895 3070 948 3104 rem
961 3070 1062 3104 omnem
1073 3056 1190 3105 elocutus

98 3119 188 3171 iterat.
228 3122 281 3170 Uhi
302 3136 364 3171 vero
389 3122 489 3171 Laches
511 3130 641 3185 postrema
660 3121 746 3177 verbe,
771 3121 848 3183 ‘Ege
867 3118 960 3169 alami'
986 3123 1096 3180 audiret,
1118 3122 1190 3184 quasi

98 3183 303 3248 mirabundus,
325 3187 451 3250 simulque
477 3187 625 3250 indignatus
649 3185 807 3250 responden
837 3185 926 3237 ‘Quid
952 3185 1036 3235 dixti?
1061 3185 1132 3234 Eho!
1157 3201 1190 3236 sn

98 3263 141 3298 ton
167 3250 276 3312 stemus,
299 3251 432 3311 Pamphile
448 3248 466 3299 i'
499 3253 554 3300 ΕΡ.
574 3253 650 3305 Quem
672 3251 722 3314 ipse
748 3249 852 3311 negligit
877 3253 953 3313 poter.
987 3249 1189 3301 Westerhovius.

98 3315 185 3365 'sectio
200 3314 260 3363 lihri
278 3316 351 3363 ch.
363 3317 425 3363 Vat.
437 3322 464 3364 et
481 3317 625 3380 aliquorum
643 3316 751 3365 oliorum
770 3320 819 3375 est,
836 3330 903 3379 qoem
918 3315 967 3378 ipse
973 3331 984 3373 ,·
1000 3322 1030 3364 ut
1043 3315 1099 3365 hsec
1111 3315 1190 3376 verba

101 3379 144 3428 lnt
159 3377 293 3442 Pamphili
308 3393 405 3434 secum,
425 3393 457 3428 ne
474 3388 549 3442 peter
566 3387 593 3429 et
613 3396 687 3431 socer
703 3380 858 3443 intelligunt,
876 3379 1093 3430 obmurmurantis
1110 3382 1189 3441 alium

99 3456 148 3492 use
164 3451 268 3506 putrem
285 3445 339 3492 auti
362 3443 446 3506 pueri,
455 3457 506 3491 nun
518 3458 563 3493 se:
580 3445 648 3508 qued
660 3452 747 3494 antem
763 3446 818 3493 haec
832 3458 920 3493 secum
938 3445 1090 3507 Pamphilus
1108 3444 1189 3506 dicat,

99 3505 238 3557 stenditur
248 3521 281 3556 ex
292 3508 436 3557 Chremetis
445 3508 529 3555 verbis
540 3510 627 3557 statim
636 3508 797 3570 Pamphilum
809 3508 992 3569 interrogantis
1004 3508 1065 3572 quid
1075 3507 1187 3556 dixerit:

99 3585 150 3623 sne
164 3571 285 3622 Donatus
293 3574 422 3635 psemipso
433 3572 514 3636 magis
530 3571 631 3634 prohat.
650 3572 719 3634 quod
730 3576 799 3634 (cum
812 3572 957 3619 reverentis
968 3572 1024 3633 ejus
1035 3571 1188 3636 dixerimus)

99 3650 141 3687 ton
151 3642 195 3686 set
206 3635 274 3686 bens
284 3639 384 3687 ratione
394 3637 483 3687 lucere
494 3635 604 3685 videtur.
620 3637 663 3684 cui
674 3637 741 3686 enim
760 3635 912 3697 Pamphilus
923 3648 951 3683 se
963 3637 1129 3699 probaturum
1139 3637 1187 3684 hoc

99 3706 176 3756 tutet,
187 3701 256 3764 quod
269 3700 328 3751 ideo
339 3704 409 3750 alere
419 3702 499 3752 lilium
516 3702 592 3759 nolit,
604 3700 664 3764 quie
675 3700 784 3753 eundem
797 3706 879 3749 muter
896 3700 1057 3763 neglexerit?
1073 3699 1134 3748 idne
1146 3707 1188 3749 sat

99 3779 175 3816 suste
193 3766 312 3828 cuiquam
326 3765 408 3815 videri
425 3773 523 3829 potest,
533 3774 562 3815 ut
577 3764 658 3819 fitium
675 3781 746 3815 suurn
765 3765 879 3829 abjiciet,
890 3765 958 3828 quod
975 3765 1007 3813 sit
1021 3770 1128 3819 amatre
1141 3779 1185 3812 ne-

99 3829 211 3888 lectns?
229 3830 273 3879 Fe.
307 3831 393 3880 Recte
403 3832 444 3878 hic
456 3831 571 3880 Faernus
582 3837 672 3880 eontra
681 3832 820 3884 Donatum.
852 3830 925 3884 Unus
937 3837 1036 3878 tantum
1047 3843 1082 3878 ex
1092 3830 1187 3879 uostris

99 3906 148 3957 pos.
183 3893 335 3957 Pamphilus
351 3909 456 3944 eversus
468 3895 542 3957 dicit,
554 3896 628 3951 Quem
637 3894 688 3956 ipse
698 3895 803 3955 neglexit
816 3898 903 3957 poter·;
920 3892 1013 3942 deinde
1024 3893 1084 3941 dum
1097 3893 1130 3940 ad
1141 3909 1185 3944 eos

99 3960 268 4020 s‘convertit,
277 3961 333 4020 Ego
341 3962 416 4009 didm?
433 3960 500 4022 quod
512 3963 629 4010 ultimum
641 3959 763 4009 Chremes
771 3959 881 4013 audivit.
916 3957 991 4020 llere,
1002 3972 1060 4022 quoe
1070 3958 1095 4005 in
1107 3973 1184 4021 apen-

99 4023 123 4072 le
139 4021 218 4084 fiunt,
229 4037 282 4071 rem
300 4023 414 4072 reddunt
433 4025 496 4074 satis
513 4026 626 4083 clerium
644 4030 671 4072 et
683 4024 748 4078 istis,
758 4024 801 4087 qui
813 4024 869 4087 lpse
885 4024 995 4084 malunt,
1006 4038 1034 4070 os
1052 4024 1127 4087 plane
1139 4024 1184 4073 ob-

100 4094 202 4139 inunt.
220 4087 294 4143 Beni.
327 4089 463 4152 Sequimur
480 4104 538 4138 eum
560 4090 665 4139 Decies.
684 4094 712 4136 et
733 4087 822 4137 Bentl.
840 4088 977 4136 lectionem
992 4088 1182 4138 Bemb.Vstie.

99 4151 170 4202 istil.
180 4159 208 4201 et
228 4153 347 4214 silurum,
358 4167 374 4200 s
385 4152 486 4205 Patrue
504 4155 682 4217 constitutam,
693 4167 769 4218 quesn
786 4154 843 4217 ipse
864 4153 932 4203 Don.
944 4151 1068 4216 praeferre
1080 4153 1183 4203 ridetur

152 4230 415 4298 Delph.etVor.Clds'.
588 4235 684 4286 Terenti
1059 4234 1116 4290 sit
