2678 4694
387 317 559 367 nuuucnr
585 319 669 368 scr.
687 321 719 368 v.
743 321 796 372 sc.
813 316 852 371 rr.
1104 309 1169 376 oo?

63 457 113 522 Ut
127 459 278 523 solidum
293 479 444 543 parerem
459 461 523 526 hoc
537 462 617 527 mihi
633 464 843 541 heneficium,
858 464 1004 530 Chaerea.
1032 509 1034 512 >

62 559 129 623 Cn.
154 558 202 625 At
214 580 301 624 nunc
316 561 435 626 dehinc
452 582 551 646 spero
568 571 725 629 aeternam
741 566 902 631 internos
916 565 1058 650 gratiam

63 661 163 738 Fore,
178 660 298 726 Thais:
315 682 409 746 saepe
425 684 469 727 ex
484 664 675 750 hujusmodi
691 687 726 731 re
742 670 914 752 quapiam,
927 674 962 733 et

63 761 161 827 Malo
175 763 357 846 principio,
375 775 498 848 magna
512 766 724 834 familiaritas
1125 772 1170 839 35

61 865 219 930 Conflata
233 873 303 930 est:
320 868 402 949 quid
418 869 449 932 si
463 868 526 932 hoc
543 870 712 952 quispiam
726 870 834 934 voluit
849 871 972 934 Deus‘t

59 965 129 1030 Tu.
153 965 323 1048 Equidem
338 969 396 1051 pol
409 969 445 1032 in
458 989 533 1034 eam
548 977 677 1053 partem
693 971 907 1054 accipioque,
923 979 958 1036 et
973 973 1065 1038 volo.

61 1066 131 1133 Cu.
155 1069 264 1133 Immo
278 1070 328 1134 ita
342 1090 471 1153 quaeso.
517 1072 631 1136 Unum
645 1073 712 1136 hoc
727 1075 835 1154 scit03
851 1075 1067 1139 contumeliae

61 1168 142 1234 Non
157 1189 212 1235 me
224 1171 346 1236 fecisse
360 1191 477 1247 causa,
493 1175 553 1237 sed
569 1175 704 1238 amoris.
748 1174 820 1238 Tu.
844 1174 944 1238 Scio:

60 1271 107 1336 Et
119 1271 179 1355 pol
193 1277 371 1357 propterea
383 1294 482 1358 mage
497 1295 587 1340 nunc
602 1278 741 1358 ignosco
758 1277 832 1341 tibi.

63 1373 146 1438 Non
162 1374 250 1439 adeo
264 1375 445 1441 inhumano
461 1376 594 1460 ingenio
610 1397 698 1455 sum,
714 1376 868 1455 Chaerea,

62 1475 185 1559 Neque
198 1477 248 1540 ita
262 1477 428 1560 imperita,
442 1485 490 1556 nt,
506 1479 589 1562 quid
605 1499 698 1544 amor
713 1479 839 1556 valeat,
854 1479 1012 1543 nesciam.

61 1577 129 1643 Cu.
154 1578 206 1641 Te
219 1597 354 1663 quoque
363 1579 448 1663 jam,
464 1581 581 1658 Thais,
597 1582 645 1646 ita
658 1601 710 1645 me
726 1582 772 1646 Di
789 1582 873 1645 bene
889 1586 1010 1659 ament,
1025 1600 1115 1647 amo.
1150 1583 1154 1588 ’

63 1680 132 1742 ΡΥ.
155 1680 244 1745 Tum
258 1680 316 1763 pol
331 1682 394 1745 tihi
410 1683 454 1746 ah
468 1684 565 1759 istoc,
577 1682 669 1762 hera,
687 1683 875 1748 cavendum
889 1681 1051 1764 intelligo.

62 1865 87 1910 et
98 1861 198 1926 reliquis
209 1863 312 1924 cirgiais
321 1863 437 1925 cognatis,
448 1871 475 1914 ut
486 1864 607 1927 integrum
623 1871 647 1915 ei
664 1865 793 1930 perfectum
804 1866 847 1914 hoc
858 1865 995 1930 heneficium
1005 1866 1133 1925 maimem
1143 1869 1170 1918 is
1193 1881 1198 1894 ·

63 1927 214 1976 corennum
225 1933 248 1975 ei
260 1928 363 1986 virginis
373 1935 492 1990 cognatos.
527 1931 578 1980 Cn.
597 1931 632 1978 At
650 1947 711 1979 nnnc
728 1932 815 1980 exinde
830 1945 899 1993 spero
914 1935 1028 1978 etenum
1040 1930 1097 1989 sose
1107 1931 1172 1981 ister

62 2006 105 2039 nce
121 2007 210 2052 omnes,
220 2007 266 2053 me,
278 1992 352 2054 illem,
368 1997 392 2041 et
408 1999 442 2056 te,
459 1993 650 2050 benevolentium,
663 1995 753 2052 Τὴαιέ,1
769 2009 825 2043 num
841 2009 903 2056 soepe
922 2009 953 2042 es
970 1993 1044 2042 simili
1055 2008 1081 2042 re
1091 1995 1172 2059 ulique

61 2055 210 2118 turbulento,
220 2062 289 2118 atque
300 2071 330 2104 ex
342 2059 402 2105 molo
418 2058 543 2122 principio,
561 2073 648 2119 mogun
663 2061 807 2108 necessitudo
819 2063 842 2106 et
854 2058 985 2118 conjunctio
995 2062 1117 2107 contrecto
1127 2067 1170 2111 est.

63 2121 130 2176 Quid
141 2120 164 2167 si
175 2119 226 2181 hcc,
236 2125 331 2168 emtore
341 2121 419 2182 aliquo
432 2123 493 2182 Deo,
501 2122 595 2183 socium
607 2127 659 2172 est?
691 2124 746 2173 Trr.
767 2123 880 2185 Equidem
889 2124 939 2183 poi,
951 2123 977 2170 is
987 2136 1039 2169 enm
1047 2127 1171 2182 pertemei

61 2183 203 2296 hatita
213 2185 467 2298 itidemst..
475 2187 706 2300 55¹..÷⁰¹‘..l''.2²'5.''².⁰.².
713 2185 1048 2300 ‘t2.t.2⁶trirt.:‘.tih
1059 2190 1172 2307 aaa

54 2312 183 2370 facerem
199 2315 240 2361 sed
250 2312 280 2361 ch
291 2283 370 2361 omoe’e
380 2315 412 2361 nd
422 2314 590 2372 idfoeiendum
606 2267 823 2377 impalsnffnsuisse.
856 2315 910 2363 Tu.
927 2285 991 2375 olio,
1001 2319 1025 2362 et
1034 2328 1077 2376 per
1088 2314 1171 2366 Pollis·

61 2391 112 2424 cem
123 2383 248 2438 propterea
259 2377 304 2424 tihi
315 2377 426 2426 libentius
436 2379 528 2427 oesiam
539 2383 577 2428 do.
612 2381 668 2428 Non
684 2381 740 2428 adeo
758 2379 913 2428 humanitatis
928 2393 1012 2440 expers
1026 2392 1087 2438 snm,
1099 2393 1172 2442 neque

62 2447 114 2487 tam
132 2442 231 2502 ignoro,
250 2447 278 2489 at
296 2448 383 2503 quantu
402 2441 434 2490 sit
452 2444 540 2492 amoris
556 2444 665 2505 potentio
682 2459 728 2491 non
747 2445 859 2492 noceam.
894 2443 947 2492 Cri.
965 2443 997 2492 Te
1013 2443 1171 2506 quoquejsm,

65 2505 148 2567 Thais,
162 2508 196 2553 itu
207 2520 245 2554 me
257 2504 304 2554 Dii
314 2511 400 2568 «ment,
411 2521 471 2554 nunc
487 2523 547 2556 nmo.
582 2510 635 2558 ΡΥ.
653 2507 736 2557 Etiam
744 2523 787 2571 per
799 2509 864 2558 Deos
874 2506 920 2557 tihi
935 2508 1093 2570 metuendum,
1103 2507 1171 2573 hers,

516 2649 696 2670 “monem

24 2772 27 2776 ·
62 2751 129 2797 -32
157 2745 208 2795 Ed.
228 2752 282 2796 vet.
301 2761 325 2796 c.
343 2745 405 2812 tigg.
423 2748 493 2812 (qnae
510 2750 604 2813 sapius
627 2763 686 2797 enni
707 2750 782 2798 lectt.
816 2749 870 2798 ET.
892 2753 920 2796 et
942 2747 1005 2796 ΕΜ.
1027 2745 1172 2810 conspirat)

63 2813 239 2874 hccpnrnrem.
273 2810 381 2860 Arridet
400 2828 502 2876 perure:
532 2814 578 2862 sed
603 2815 637 2862 Ut
659 2813 809 2874 impeditam
832 2810 915 2861 efficit
940 2811 1171 2868 constructionem,

63 2884 91 2925 et
114 2890 210 2925 nomen
241 2876 347 2924 Choereoe
368 2877 394 2925 in
417 2878 513 2926 blande
540 2885 566 2927 et
595 2879 725 2926 clemente
753 2875 870 2925 oratione
899 2881 955 2924 tota
983 2889 1171 2937 supervacuum

63 2941 177 2990 videtur.
212 2939 306 3004 ltaque
319 2941 510 2991 rescribendum
523 2950 642 3006 putamus
654 2947 677 2990 ei
697 2942 779 3006 (quod
801 2941 912 3004 priorem
931 2953 1034 2988 versum
1054 2938 1172 3003 claudat)

63 3005 173 3055 Soiidnm
184 3005 227 3053 icc
241 3003 246 3068 1
258 3019 318 3068 porc
333 3003 337 3067 Ι
352 3021 377 3053 re
389 3005 445 3054 bene
459 3006 463 3070 Ι
469 3007 530 3071 jicio
544 3008 548 3071 Ι
564 3009 589 3056 ni
600 3022 645 3068 gru
660 3006 664 3070 Ι
679 3007 747 3056 tium.
781 3004 905 3056 Judicent
916 3002 959 3053 alii
971 3017 1004 3051 an
1016 3003 1172 3074 expellenda

63 3071 99 3119 sit
110 3070 180 3132 vulg.
192 3075 223 3116 ut
234 3071 383 3133 peregrina,
398 3077 537 3137 nostraque
557 3072 690 3121 civitatem
710 3078 848 3120 mereator.
868 3070 925 3131 Bip.
959 3067 1094 3132 Bipontini
1112 3083 1172 3116 con-

58 3135 197 3197 junctione
211 3133 245 3181 Ui
256 3142 413 3195 gravantur:
431 3149 477 3183 nos
489 3151 538 3184 non
551 3137 593 3184 itu.
628 3137 743 3185 Pavorem
759 3135 785 3185 J.
802 3136 870 3183 Peri.
904 3134 958 3182 Hoc
973 3147 1081 3194 parerem
1091 3133 1171 3182 Both.

68 3199 100 3247 Ut
111 3199 244 3246 collocant
255 3198 279 3245 in
291 3211 366 3246 versu
378 3198 464 3260 priore
474 3201 534 3262 Bip.
546 3201 710 3262 Delph.—3l
730 3200 846 3248 Futurum
864 3210 911 3262 pro
928 3198 991 3246 Fore
1008 3195 1100 3250 ,Gueli
1113 3201 1173 3246 3.-

64 3267 94 3311 35
113 3263 225 3310 Maioex
235 3262 363 3326 principio]
379 3263 536 3326 Praepositin
558 3280 588 3313 ex
607 3264 682 3314 abest
702 3263 733 3312 ab
754 3264 871 3312 omnihus
893 3260 1005 3324 antiquis
1024 3260 1105 3310 libris.
1139 3260 1171 3310 ln

65 3326 173 3390 reliquis
185 3326 314 3374 collocata
325 3336 366 3374 est
385 3337 446 3376 ante
467 3328 608 3378 dictionem
627 3329 703 3389 Mau,
721 3327 764 3376 uhi
785 3336 854 3376 stare
874 3332 982 3390 propter
1000 3338 1101 3373 versum
1120 3338 1171 3374 non

65 3399 170 3452 potest:
190 3404 271 3452 quare
283 3389 443 3440 subdititiam
455 3394 504 3440 reti
517 3408 610 3442 snmus.
627 3393 676 3441 Fu.
708 3393 760 3441 Sex
773 3407 788 3441 e
800 3391 896 3440 nostris
909 3391 950 3438 Ex
960 3389 1022 3438 mulo
1035 3388 1172 3452 principic5

66 3459 176 3503 etrecte
187 3452 254 3503 fecit
265 3454 307 3517 qui
320 3455 418 3518 primus
438 3457 505 3504 Muto
522 3473 552 3506 ex
569 3457 686 3520 principio
704 3457 795 3505 edidit.
813 3457 888 3504 Beni.
922 3455 989 3502 Malo
1008 3467 1038 3501 ex
1054 3467 1093 3515 pr.
1110 3452 1143 3500 Bi
1165 3490 1172 3505 .

66 3519 231 3582 Delph-id
252 3519 331 3568 Voluit
341 3521 458 3582 quispiam
474 3522 536 3584 Bip.
572 3522 696 3584 Quispinm
714 3523 756 3569 hoc
773 3521 851 3570 Both.
872 3519 1012 3568 Peri-ar
1028 3517 1087 3565 Duo
1104 3467 1172 3568 Pell.

66 3596 116 3631 non
126 3583 229 3631 habent
240 3597 291 3644 qne.
323 3583 374 3632 Sed
386 3586 394 3612 ⁴
404 3600 454 3648 que
466 3585 510 3634 et’
522 3594 611 3635 nostro
623 3594 732 3635 ansatur.
751 3585 817 3633 Peri.
852 3584 911 3638 Qaoe
929 3596 978 3645 pro
997 3595 1041 3644 que
1059 3581 1172 3630 Bra-88

66 3648 149 3695 Etiam
161 3661 211 3708 pro
221 3646 257 3695 iic
268 3647 340 3696 Peri.
358 3649 402 3710 qni
419 3657 507 3699 monet
525 3651 561 3698 iic
578 3665 634 3699 esse
652 3651 678 3698 in
696 3648 784 3698 Guelf.
795 3652 887 3697 2.-39
904 3648 946 3695 Me
962 3660 1008 3693 nou
1027 3644 1171 3693 Boiu-so

66 3712 150 3773 Magis
158 3712 206 3760 Br.
218 3718 246 3759 et
257 3718 351 3760 nostrae
362 3712 490 3762 edd—41
508 3715 598 3764 Nostri
610 3715 729 3779 plerique
740 3728 828 3762 omnes
846 3727 898 3761 sum
913 3710 1025 3770 iugenio:
1042 3707 1111 3757 unde
1131 3722 1171 3758 re·

67 3775 226 3836 ponendum,
239 3775 294 3824 Nos
311 3778 369 3830 odeo
387 3777 514 3827 inhumano
531 3793 574 3838 ego
592 3779 764 3839 semiapertis,
783 3778 889 3826 Choeren.
905 3775 984 3822 Bent·
1019 3771 1053 3821 Et
1071 3774 1108 3821 sic
1125 3772 1172 3824 dat

67 3839 143 3889 Both.
177 3839 238 3888 Sum
253 3840 350 3900 ingenio
370 3841 507 3891 Peri-42
524 3844 577 3892 Ms.
594 3844 663 3905 Lips.
681 3845 763 3904 Neque
780 3841 898 3904 imperita.
931 3838 998 3886 Alii:
1017 3837 1101 3899 Neque
1121 3841 1171 3887 tom

66 3904 186 3966 imperito.
208 3903 288 3952 West.
322 3905 404 3967 Neque
414 3911 462 3954 tom
473 3907 596 3970 imperita]
612 3908 709 3956 Omnes
721 3906 778 3955 fere
790 3905 890 3968 antiqui
902 3901 961 3950 libri
974 3903 1038 3950 etin
1050 3902 1081 3949 iis
1094 3903 1173 3950 Bem-

67 3967 148 4032 binus,
165 3969 251 4030 Neque
263 3969 298 4016 ita
309 3968 426 4031 imperita.
443 3971 489 4019 Fa.
524 3971 614 4020 Nostri
626 3985 725 4035 qnoque
736 3984 824 4020 omnes
835 3972 881 4018 ito.
898 3967 975 4016 Bent.
1009 3967 1067 4014 Tum
1078 3965 1169 4016 Guelf.

67 4035 122 4082 2-8.
133 4032 272 4095 etDelph.
303 4032 445 4097 Amorqnid
457 4035 534 4084 Both.
548 4036 591 4098 qni
604 4043 708 4084 monet:
727 4035 807 4083 ‘Tam
823 4034 857 4094 B,
877 4033 928 4082 Gn.
941 4035 964 4081 l.
986 4037 1013 4079 et
1034 4031 1084 4081 Do.
1101 4031 1171 4093 quod

68 4097 153 4157 placet
164 4111 220 4160 prae
233 4097 303 4159 vulg.
315 4096 436 4148 itud-li
453 4099 496 4148 Gn
515 4106 573 4149 etus
585 4098 627 4149 liic
639 4099 703 4147 mire
714 4107 805 4147 acutus
815 4106 864 4162 eet,
879 4098 969 4158 legens
980 4103 1073 4144 contra
1091 4093 1169 4143 fidem

68 4160 206 4225 Codicum,
222 4161 258 4210 ru
268 4161 307 4224 pol
317 4160 363 4211 tihi
373 4161 403 4211 uh
413 4162 480 4228 istoc,
538 4180 563 4229 e,
579 4163 704 4214 sciendum
714 4162 840 4213 attendito.
873 4159 982 4212 Addens
1001 4159 1170 4224 prorsusne,
