2678 4694
416 286 587 335 uunuonr
612 285 694 334 sor.
713 284 747 334 v.
771 286 824 334 sc.
847 286 899 333 ιν.
1144 272 1209 337 513

103 429 209 510 Ques,
226 450 302 495 cum
317 432 463 495 amatore
480 449 541 494 suo
556 448 631 493 cum
646 434 794 505 coenant,
808 428 977 511 liguriunt.

103 533 242 597 Harum
260 532 370 595 videre
386 530 578 612 ingluviem,
594 531 723 607 sordes,
737 530 907 613 iuopiam3
1166 530 1207 593 15

102 633 222 713 Quam
237 634 417 696 inhonestae
432 632 515 696 solae
532 633 599 696 sint
614 631 715 708 domi,
731 637 830 714 atque
845 632 955 696 avidus
969 632 1056 712 cibi;

103 734 185 813 Quo
202 742 306 818 pacto
319 752 363 797 ex
372 733 447 816 jure
460 733 619 798 hesterno
634 723 756 818 panem
770 739 878 798 atrum
893 742 1023 815 vorent3

100 837 221 902 Nosse
236 838 349 901 omnia
362 835 447 913 haec,
461 837 556 900 salus
568 843 620 900 est
634 836 909 901 adolescentulis.

99 1001 194 1062 hatur,
205 1014 253 1048 nou
263 1004 356 1060 norunt,
366 1001 409 1048 sed
419 1001 480 1048 lente
489 1005 513 1048 et
522 1000 621 1051 delicate
631 1003 740 1052 sundere
750 1016 847 1065 quoeqru
856 1016 908 1050 cum
918 1007 1022 1050 ornatore
1032 1015 1073 1050 cuc
1081 1005 1208 1052 mandunt:

98 1065 189 1113 iturum
199 1078 255 1113 uero
266 1065 321 1112 licet
332 1064 410 1113 eidem
421 1065 576 1114 imatioditem
585 1069 747 1130 voracitatem,
757 1066 926 1122 immunditias,
938 1071 1073 1126 egestatem,
1080 1081 1133 1114 cum
1146 1067 1210 1114 dorni

97 1134 166 1177 runt.
203 1128 282 1183 Quum
293 1128 413 1189 obscoeno,
424 1144 493 1191 quum
502 1131 568 1190 gutte
577 1132 674 1192 dedito,
692 1147 738 1195 quo
752 1137 822 1193 poeto
831 1131 896 1190 juris
914 1131 1017 1179 irstemi
1032 1145 1117 1192 portent
1132 1136 1210 1180 unctu

98 1194 247 1255 deglutiunt.
282 1193 345 1242 Hoec
360 1193 439 1242 omniu
454 1194 565 1244 didicisse
583 1210 630 1244 non
648 1197 715 1245 modo
733 1196 801 1260 utile,
812 1195 1010 1256 adsututiIerum
1019 1196 1209 1244 ιιιιοιεειιιιιιιιιι.

577 1327 759 1347 ”lm

99 1434 175 1489 etus,
192 1442 298 1477 versum
317 1428 386 1478 huuc
405 1428 431 1477 in
451 1427 616 1478 Morbouiam
627 1429 758 1493 obtegens.
792 1428 919 1492 Agnoscit
930 1428 1055 1487 Donatus,
1066 1434 1212 1490 agnoscunt

100 1493 219 1544 Codices
231 1493 297 1542 Μεε.
331 1495 374 1554 Et,
385 1494 407 1541 si
418 1494 588 1557 oppositionis
599 1495 683 1556 legem
694 1493 853 1552 consideres,
863 1493 1067 1556 oppositissimus
1078 1499 1128 1541 est.
1147 1492 1210 1539 Ver·

99 1568 132 1607 ιι)
143 1556 180 1606 de
192 1558 225 1606 R.
238 1558 371 1606 Rutulo.
384 1557 418 1606 de
429 1558 519 1620 apibus
532 1573 539 1606 t
568 1559 576 1585 ‘
589 1559 660 1618 Non,
675 1566 705 1607 ut
723 1572 818 1606 muscae
837 1558 971 1620 liguriunt,
990 1555 1058 1620 quod
1078 1570 1152 1604 nemo
1164 1556 1210 1604 tros

101 1621 233 1683 videt‚ut
251 1622 308 1670 illus
321 1622 346 1669 iu
364 1632 441 1670 carue
455 1628 500 1671 aut
520 1623 652 1684 sunguine,
671 1628 718 1671 ant
735 1623 820 1683 adipe.
855 1623 919 1671 Ideo
931 1620 1007 1669 modo
1019 1620 1167 1680 considunt,
1183 1621 1210 1668 in

102 1696 157 1750 quo
167 1693 211 1734 est
222 1685 411 1749 sapor-uncis!
443 1687 545 1747 Malim,
555 1686 587 1734 In
597 1702 624 1734 co
638 1688 705 1734 modo
719 1687 851 1736 considunt.
883 1686 935 1734 Ubi
946 1686 978 1734 Ρ.
989 1686 1120 1733 Victorius
1132 1699 1211 1733 unno-

103 1757 160 1801 tet:
178 1752 262 1798 ‘Duo
274 1765 301 1796 rr
312 1752 360 1798 ltoc
379 1750 483 1799 verbnm
503 1751 599 1799 hebere
617 1751 643 1798 in
663 1752 769 1813 optimis
787 1750 976 1810 exemplaribus
995 1757 1022 1799 et
1034 1749 1083 1810 hic,
1095 1756 1121 1797 et
1141 1750 1210 1810 apud

102 1815 257 1864 Terentium
269 1813 406 1862 observavi
422 1817 448 1863 in
466 1815 601 1874 Eunuclto,
611 1814 671 1870 Quoe
679 1830 730 1863 cum
739 1820 843 1863 amatore
851 1829 890 1862 etto
900 1829 952 1862 cum
962 1820 1061 1871 coenunt,
1073 1814 1212 1874 ligurriunt.

107 1879 255 1940 ligurriunt
267 1878 345 1935 enim,
363 1877 484 1926 flosculos
496 1879 629 1941 epularum
642 1886 761 1940 carpunt.
773 1885 801 1927 et
816 1871 980 1927 delicatiores
999 1879 1079 1938 dapes
1095 1879 1210 1926 studiose

108 1942 262 1993 sectantur)
294 1943 385 1990 Sedet
404 1943 513 2006 plusculi
532 1944 597 1992 Mes.
608 1942 705 1991 hubent
715 1943 862 2003 liguruiunt.
895 1943 926 1990 In
939 1943 1062 1991 uliisest:
1083 1943 1143 1997 eroe
1159 1957 1212 1990 cum

109 2013 291 2056 unctoressuos
310 2011 404 2065 cocunt,
421 2007 548 2066 liguriunt.
566 2007 647 2055 West.
681 2007 773 2055 Lectio
793 2007 856 2056 Vet.
875 2006 939 2055 Cod.
957 2022 1009 2054 cnut
1027 2012 1143 2055 emtores
1160 2021 1213 2053 suos

111 2077 203 2134 cocunt,
214 2071 259 2132 lig.
277 2084 327 2118 non
341 2071 415 2118 ursle.
432 2071 504 2118 uiuo.
539 2070 599 2126 Quae
609 2086 661 2119 cum
672 2077 777 2120 umotore
786 2086 826 2119 suo
837 2086 889 2119 eum
897 2076 998 2133 coenont,
1009 2070 1137 2132 liguriunt]
1149 2071 1212 2118 Tres

113 2135 284 2200 antiquissimi
295 2134 355 2182 libri
366 2135 498 2195 ligurrinnt
510 2149 557 2197 per
569 2134 621 2182 duo
631 2150 644 2182 r
655 2135 783 2184 scribunt.
816 2137 912 2184 Posset
924 2149 987 2197 ergo
1004 2134 1045 2182 bic
1057 2148 1147 2181 versus
1157 2149 1213 2181 sus·

114 2201 208 2250 tentari
219 2201 284 2248 eliso
296 2213 344 2261 per
355 2199 504 2262 purellipsiu
516 2200 600 2247 altero
617 2213 649 2246 cx
661 2200 717 2248 eis:
734 2199 825 2248 melius
843 2205 930 2248 temen
949 2206 988 2247 est
1006 2199 1138 2246 retrahere
1159 2198 1212 2246 dic·

116 2263 206 2313 tionem
217 2279 260 2311 suo
266 2279 278 2322 5
295 2277 351 2324 quae
364 2277 412 2310 nec
424 2264 450 2311 iu
462 2262 506 2310 Vi.
518 2270 560 2311 est
572 2263 620 2310 nisi
632 2264 819 2325 superaddita:
836 2278 885 2312 nec
898 2277 960 2311 saue
971 2263 1056 2312 sensui
1072 2269 1112 2311 est
1123 2277 1212 2310 neces·

118 2330 185 2377 ruris.
204 2329 252 2377 Fu.
287 2327 361 2375 Libri
370 2324 427 2375 fere
438 2341 525 2374 omnes
538 2342 590 2375 eum
600 2333 772 2377 amotoresuo:
789 2328 856 2390 qnod
875 2329 916 2376 vir
931 2328 1046 2376 eruditus
1064 2328 1089 2375 in
1111 2334 1211 2375 textum

120 2391 224 2453 tdmisit,
243 2398 272 2442 et
289 2391 410 2452 liguriunt
429 2391 522 2440 scribit
537 2391 649 2439 secunda
667 2391 745 2441 brevi.
778 2392 828 2440 Sed
848 2393 956 2440 laterem
976 2390 1095 2453 profecto
1114 2393 1213 2452 levant,

119 2457 266 2521 quicumque
278 2457 337 2504 huic
350 2455 437 2503 versui
448 2455 570 2504 medicari
582 2457 698 2518 cupiunt.
732 2458 772 2504 Ex
790 2456 971 2518 Lindeubrogii
990 2455 1079 2504 codice
1097 2455 1123 2503 id
1141 2457 1213 2504 colli·

120 2521 436 2582 gts,Auuotutiunculam,
447 2520 506 2568 olim
519 2520 677 2568 interlineas
690 2521 798 2580 factem,
810 2521 836 2568 iu
848 2528 948 2569 textum
961 2529 1052 2583 postea
1061 2521 1213 2582 irrepsisse;
1295 2563 1299 2571 .

121 2592 143 2633 et
162 2599 208 2648 pro
230 2585 304 2633 ustio
327 2584 497 2632 Librariornm
517 2593 595 2648 captu
616 2587 642 2633 in
664 2586 758 2633 cetrarii
777 2599 896 2634 numeros
917 2586 1058 2634 reductum.
1076 2586 1151 2633 Bent.
1168 2586 1213 2647 qui

120 2648 243 2710 ligurriunt
254 2649 339 2698 edidit
349 2656 376 2697 et
388 2647 506 2697 defendit
517 2666 522 2695 :
541 2650 585 2697 sed
606 2656 688 2697 toturn
705 2664 806 2698 versum
827 2649 931 2699 damnat
943 2658 970 2699 et
982 2650 1081 2697 uncinis
1093 2650 1212 2698 includit.

120 2713 219 2773 ‘Male'
231 2715 269 2762 ait
284 2713 341 2776 Bip.
358 2713 442 2761 ‘ltnnc
454 2728 491 2761 vs.
503 2713 662 2776 dispungtrnt
673 2713 732 2762 edd.
743 2727 758 2761 a
769 2728 825 2776 sqq.
838 2728 897 2762 cum
909 2729 969 2776 pers
980 2713 1157 2761 antecedentis
1169 2715 1212 2775 ειι,

121 2778 155 2826 tui
172 2777 306 2828 contrariu
322 2783 381 2825 ειιιιι
397 2792 519 2840 conseqq.
553 2777 710 2826 Stultissime
728 2778 803 2825 Bent.
822 2777 890 2824 hunc
909 2793 946 2826 vs.
968 2779 1084 2826 stultitiae
1102 2793 1212 2839 urguens

120 2843 239 2905 expungit
256 2850 285 2890 ut
306 2842 443 2904 ingestum.
477 2842 591 2903 Ligurine
608 2851 657 2902 est,
674 2841 755 2889 multo
774 2839 880 2889 fastidio
903 2842 1021 2889 suaviora
1042 2856 1150 2903 quaeque
1169 2842 1213 2889 de-

120 2915 226 2968 gustate.
262 2906 312 2954 Est
331 2920 347 2953 a
366 2904 444 2966 λιγυς,
463 2908 564 2965 suavis3
584 2920 635 2953 nou
652 2904 772 2967 ελιχνοε,
789 2904 910 2967 gulosus!
945 2906 1024 2960 Quom
1033 2919 1085 2952 cum
1096 2920 1118 2951 a.
1129 2920 1214 2953 ccum

119 2971 242 3030 igurriunt
253 2970 300 3018 dat
312 2970 391 3019 Both.
402 2975 541 3034 notatque:
559 2979 566 2999 ⁶
578 2971 665 3032 Vulgo
678 2971 738 3025 Quoe
749 2985 801 3018 cum
812 2985 836 3018 u.
846 2984 897 3017 eum
907 2986 929 3019 c.
945 2968 1089 3031 tigurriunt:
1107 2983 1164 3032 quoe
1177 2970 1213 3018 ita

118 3033 289 3099 displicebunt
299 3032 405 3098 (merito
416 3044 502 3083 eutem
514 3034 700 3098 displicebant)
712 3035 843 3094 Bentleio,
859 3041 889 3083 ut
904 3042 987 3084 totum
1003 3034 1156 3082 uersiculum
1169 3034 1214 3082 de-

117 3099 165 3148 lere
176 3113 256 3165 quum
271 3098 411 3147 emendare
421 3100 528 3147 mslletz
546 3099 620 3147 nimis
637 3100 720 3147 calide
731 3100 780 3148 hoc
796 3100 907 3161 quidem.
944 3101 1044 3148 Novum
1057 3106 1144 3147 sutem
1158 3114 1214 3148 oru-

116 3163 186 3213 tionis
197 3164 345 3214 membrum
357 3163 438 3225 incipi
450 3163 535 3212 verbis
551 3165 560 3190 ‘
573 3165 631 3213 Nec
644 3162 744 3226 ntsgis,’
760 3164 869 3211 maxime
880 3165 914 3226 τῷ
929 3162 1100 3228 ‘quicquam’
1119 3165 1213 3212 intelli-

117 3228 196 3290 gitur:
213 3229 283 3292 qnod
296 3228 317 3275 si
329 3230 441 3287 abesset,
458 3239 529 3276 recte
546 3243 596 3276 unu
613 3236 704 3277 tenore
715 3228 864 3276 dicerentur
875 3228 935 3276 illu:
953 3231 960 3255 ‘
973 3230 1009 3276 nil
1021 3228 1123 3278 videtur
1141 3243 1214 3276 mnn-

116 3291 177 3354 dius,
193 3294 253 3343 Nec
265 3294 347 3353 magis
358 3293 538 3355 compositum,
555 3307 604 3341 nec
621 3293 701 3354 magis
722 3294 826 3354 elegans
836 3292 852 3340 :'
868 3307 936 3341 nrtnc
948 3293 1045 3341 minus!
1071 3293 1215 3353 Ligurriunt

116 3356 157 3405 Bt.
171 3358 241 3422 Eug.
261 3363 290 3404 et
304 3357 376 3405 Perl.
395 3356 437 3420 qui
455 3357 553 3406 omittit
564 3363 678 3406 suu—15
697 3355 903 3418 ingluuiem]1tu
921 3358 1141 3420 praestantissimus
1160 3358 1214 3405 edi·

116 3420 205 3484 ιιειιεε,
227 3420 567 3485 st.A1oi,Junt.anaeque
584 3422 751 3480 uetustiores,
770 3423 846 3470 etium
865 3423 919 3470 EP.
937 3437 995 3470 cum
1006 3423 1068 3470 Mss.
1089 3421 1214 3484 plurimis.

116 3483 227 3535 Fuimus
239 3493 327 3534 tumen
339 3491 428 3534 tuetur
437 3486 550 3535 illuuiem.
583 3485 616 3534 In
627 3486 678 3535 Με.
691 3486 761 3548 Lips.
775 3494 816 3534 est
825 3486 945 3534 inluuiem.
967 3487 1010 3535 ltu
1022 3495 1049 3535 et
1061 3486 1111 3534 duo
1124 3485 1215 3533 Leidd.

117 3555 144 3597 et
160 3549 209 3598 tun
229 3549 256 3597 in
276 3549 370 3609 tertio,
390 3550 458 3598 unde
478 3558 568 3613 postea
588 3549 725 3599 formatum
745 3550 865 3607 uturum.
899 3550 964 3598 Duo¹
978 3550 1084 3610 diserte,
1104 3549 1215 3596 illuuiem.

118 3612 195 3663 West.
229 3614 342 3663 Videtur
360 3621 366 3642 ¹
379 3613 520 3675 ingluvies'
537 3615 609 3663 dicta
621 3615 702 3678 qnasi,
713 3615 862 3676 ingulnvies,
874 3629 888 3661 a
901 3616 969 3676 gula.
1003 3615 1037 3663 G.
1050 3620 1077 3662 et
1087 3613 1149 3661 EM.
1159 3612 1214 3660 illu·

118 3677 190 3727 eum:
207 3679 277 3743 quod
291 3685 378 3727 tuetur
390 3678 509 3728 Gifanius
527 3679 553 3727 ιιι
574 3679 632 3728 Ιιιιι.
645 3681 751 3729 Lucret.
769 3679 808 3728 Id.
820 3680 845 3727 in
857 3681 921 3727 Add.
955 3678 1125 3726 Peucissituos
1137 3675 1216 3724 libros

119 3742 224 3805 scriptos
244 3743 370 3802 invenias,
388 3743 519 3807 inquibus
537 3757 585 3806 pro
604 3743 732 3805 ingluuiem
743 3758 793 3792 non
805 3746 905 3806 legetur
915 3743 1027 3803 illuuiem,
1044 3742 1083 3790 vel
1096 3740 1217 3803 inluuiem,

119 3812 145 3854 ut
160 3808 184 3856 in
199 3806 318 3856 omnibns
338 3807 466 3870 antiquis:
486 3815 512 3856 et
530 3822 592 3856 sune
611 3810 647 3856 ita
662 3808 799 3869 legendum
811 3822 868 3856 esse
880 3807 958 3856 etism
970 3809 1027 3868 ipsa
1039 3806 1215 3869 oppositorum

121 3871 181 3919 tutio
193 3872 309 3934 ordoque
321 3872 444 3920 ostendit.
461 3873 507 3920 Fu.
541 3871 625 3920 Etiam
643 3887 676 3919 ex
695 3873 790 3920 nostris
803 3873 918 3936 plerique
929 3872 1055 3928 inluuiem3
1072 3877 1099 3919 et
1111 3877 1214 3919 senten-

122 3934 154 3983 tis
172 3936 197 3984 id
216 3933 329 3998 flagitet.
355 3937 429 3985 Beni.
472 3935 593 3997 illuuiem]
613 3937 746 3997 Iugluoicm
764 3937 863 3984 habent
883 3936 1027 3984 deteriores
1047 3935 1117 3985 libri.
1135 3936 1168 3983 R.
1179 3936 1213 3984 D.

122 3997 190 4048 Bent.
207 4000 291 4048 edidit
301 4001 415 4062 illuuiem,
430 4000 497 4049 barud
511 4009 591 4049 recte.
608 4002 667 4062 Rip.
701 4000 812 4049 Itluoiern
822 4001 885 4048 dunt
896 4000 941 4047 Br.
953 4000 984 4048 Z.
996 4001 1140 4049 Boin-16
1158 3999 1215 4048 Sint

123 4063 170 4111 uta
180 4065 325 4114 Boin-tt
343 4067 455 4114 Linscer
466 4081 516 4114 curn
530 4066 588 4126 jure
599 4065 671 4126 legit.
691 4066 767 4115 West.
801 4064 990 4125 Proepositione
1003 4069 1010 4094 ‘
1022 4065 1070 4113 ex'
1088 4066 1124 4113 sic
1143 4079 1214 4126 saepe

123 4134 223 4178 utuntur
234 4128 339 4178 medici.
359 4129 392 4178 n.
405 4130 506 4181 D.-18
523 4131 615 4181 Mallet
625 4130 744 4192 (loyetns
755 4129 781 4178 in
792 4129 901 4180 Scholiis
913 4129 977 4179 Mss.
994 4129 1173 4181 adolescentuli:
1185 4136 1214 4177 nt

179 4209 267 4273 Delplt.
279 4213 302 4259 et
315 4209 373 4260 Vur.
383 4211 448 4262 Cloe.
626 4211 720 4261 Terent.
1091 4213 1106 4258 2
1123 4209 1149 4258 K
