2678 4694
201 330 266 396 69⁰
572 340 603 388 a
627 338 810 388 ranuurn
837 339 928 387 nuni

199 489 394 555 commeare
406 483 450 548 ad
465 480 703 560 mulierculam,
718 500 796 566 quae
806 481 958 564 paululo

201 593 288 654 Tum
304 593 376 652 erat
391 590 556 662 contenta,
573 585 694 667 cuique
708 591 801 647 eraut
816 591 912 664 grata
925 581 1049 659 omnia,

201 689 416 755 Proterruisti
431 686 525 751 hinc:
547 704 588 750 ea
601 692 720 750 coacta
734 684 887 766 ingratiis

202 793 286 856 Post
303 790 363 854 illa
376 791 482 872 ooepit
496 790 618 852 victum
637 788 734 870 volgo
749 804 913 870 quaerere.

201 892 302 956 Nunc
317 912 393 956 oum
409 893 481 955 sine
495 908 617 972 magno
632 890 876 953 intertrimento
889 904 956 951 non
968 889 1084 970 potest

202 993 345 1072 Haben,
360 993 495 1077 quidvis
511 993 590 1056 dare
603 992 721 1074 cupis:
742 1009 833 1067 uam,
848 995 886 1052 ut
897 995 934 1052 tu
946 988 1052 1065 aciae,
1252 982 1288 1049 lb

202 1095 315 1175 Quam
331 1116 374 1159 ea
387 1114 475 1159 nune
489 1095 656 1158 instructa
670 1093 809 1176 pulchre
823 1090 868 1156 ad
882 1090 1060 1173 pemiaiem
1075 1090 1160 1154 alet:

201 1198 363 1276 Primum,
373 1196 445 1281 jam
461 1196 601 1261 ancillas
616 1214 731 1261 secum
747 1194 892 1259 adduxit
906 1193 986 1275 plus
996 1190 1128 1269 debent,

202 1299 366 1364 Oneratas
381 1305 474 1363 veste
488 1304 588 1381 atque
604 1317 696 1361 auro.
741 1296 910 1377 Satrapen
925 1293 956 1356 ai
971 1291 1035 1356 aiat

201 1401 354 1478 Amator,
366 1419 536 1484 uunquam
550 1398 684 1464 aufferre
699 1397 773 1480 ejus
787 1402 918 1461 sumtus
931 1398 1053 1477 queat3
1331 1456 1333 1461 .

201 1503 335 1567 Nedum
365 1511 403 1567 tu
428 1503 549 1586 possis.
594 1501 669 1565 Mu.
701 1499 807 1564 Estne
837 1517 882 1564 ea
910 1499 1025 1562 intus't
1069 1495 1139 1561 (ln.
1165 1495 1220 1560 Sit
1244 1515 1289 1560 ro-
1331 1506 1333 1577 j

397 1605 413 1667 ‘l
1255 1597 1289 1660 lb

201 1705 297 1769 Sensi
309 1725 317 1769 :
329 1624 484 1788 ἑζιιαεῗῐηφιο
497 1706 527 1767 ei
542 1723 641 1766 unam
657 1722 789 1766 coenam
805 1710 904 1786 atquo
919 1700 994 1784 ejus
1009 1697 1193 1763 comitibus

197 1861 343 1924 perrnitterer
354 1875 405 1909 eum
415 1862 476 1910 itare
493 1862 525 1908 ad
536 1861 595 1908 baar
610 1861 720 1922 puellam,
737 1877 789 1923 qua
809 1866 865 1910 tune
882 1862 946 1910 uictu
963 1863 1028 1911 terrui
1043 1862 1246 1924 aquimolum
1259 1864 1289 1912 eui

200 1926 278 1972 omnio
287 1925 416 1987 placebant,
426 1940 477 1987 quor
485 1925 523 1973 illi
533 1925 655 1973 elaboratur.
689 1925 731 1973 Ex
740 1940 766 1974 ea
780 1930 882 1988 tempore
892 1927 1008 1990 emupalra
1020 1925 1075 1986 frit
1084 1927 1162 1977 irrito
1176 1929 1259 1988 anm,
1267 1933 1289 1976 al

200 1989 275 2036 vitam
283 1992 373 2055 inopem
383 1991 501 2052 toleraret,
509 2004 591 2050 corpur
601 1991 706 2050 vulgare.
740 1990 821 2051 Naue,
831 1993 921 2053 quaudo
929 1992 1000 2056 silim
1013 1996 1068 2039 tarra
1078 2005 1126 2040 aaa
1134 1997 1212 2055 pree
1222 2009 1248 2042 ea
1256 2008 1288 2054 pr·

201 2053 244 2100 tiri
255 2053 305 2101 uiue
315 2059 354 2101 tuo
362 2053 433 2115 graui
443 2055 537 2112 damno,
544 2059 643 2115 paratura
654 2069 677 2102 er
687 2054 744 2102 dure
754 2053 855 2103 libenter
866 2054 978 2116 quidlibet
989 2055 1050 2118 quod
1058 2061 1171 2118 petatur:
1188 2056 1215 2105 ia
1224 2057 1288 2105 dando

200 2119 264 2165 ultra
274 2121 368 2166 modum
377 2118 466 2179 largior
476 2133 513 2167 er:
529 2133 583 2166 aem
594 2133 622 2166 re
632 2118 727 2179 ignoret
737 2133 806 2180 quarn
815 2120 910 2180 egregie
920 2125 1005 2169 ornato
1018 2124 1089 2182 atque
1098 2126 1216 2183 apparata
1225 2123 1256 2168 rit
1265 2121 1289 2167 od

198 2181 291 2230 ruinam
294 2181 449 2240 fortunarum
464 2188 557 2230 tauream
571 2189 594 2230 et
603 2182 673 2246 filii:
687 2183 791 2245 primum
801 2199 862 2232 auno
872 2185 943 2231 duait
953 2199 1030 2231 aarum
1041 2186 1163 2245 plusquam
1173 2188 1249 2234 deam
1257 2199 1289 2231 m·

198 2247 266 2294 ciliae
274 2247 479 2297 onustarreetibua
489 2249 610 2308 aureisque
621 2248 771 2298 ornamentis.
806 2248 835 2296 nr·
852 2247 955 2310 Satrapu
969 2250 1008 2296 uel
1018 2248 1151 2308 Profertur
1168 2249 1289 2298 Provincia

199 2306 233 2358 rit
243 2315 336 2358 arautem
341 2311 391 2370 eiua
398 2312 490 2374 puelle,
500 2326 616 2373 uunquam
627 2317 696 2374 queat
706 2313 819 2360 aratiam
830 2312 945 2374 impensor
949 2311 1076 2370 faciendae
1085 2310 1136 2372 dur
1144 2328 1217 2363 raam
1221 2328 1231 2371 ,¹
1246 2318 1288 2361 tua

199 2375 332 2430 lamabant,
341 2380 368 2422 ut
379 2381 405 2422 ta
415 2375 452 2422 bir
462 2376 564 2440 raffleere
572 2375 655 2438 poesia
687 2375 742 2424 Ma.
762 2376 828 2424 Eune
839 2381 873 2425 ert
885 2378 911 2425 ia
927 2376 993 2424 darno
1005 2373 1065 2426 trel
1096 2374 1151 2427 Cu.
1169 2377 1290 2434 Quarum,

199 2452 231 2485 an
242 2437 277 2486 rit
285 2440 347 2502 apud
354 2436 408 2488 rna?
424 2437 490 2488 Salia
498 2441 592 2502 percepi
603 2454 653 2488 enm
664 2437 698 2487 ibt
709 2453 763 2489 erae.
799 2441 862 2489 Num
873 2441 896 2489 ei
905 2445 974 2503 atque
985 2439 1077 2490 omino
1086 2454 1139 2503 que
1149 2446 1210 2492 aaut
1216 2441 1240 2491 ia
1249 2439 1289 2501 dur

648 2583 829 2604 ”OONW

200 2683 234 2727 ab
249 2680 343 2729 Patiar.
376 2679 441 2728 Hae
462 2695 511 2729 vox
526 2680 600 2730 abest
617 2680 682 2730 abl.
704 2681 845 2731 blera-ab
864 2681 931 2731 Gor.
949 2687 978 2729 et
995 2681 1065 2730 blnr.
1088 2681 1119 2730 C.
1128 2682 1214 2746 filium
1232 2696 1290 2748 praa

198 2748 314 2806 paterere.
332 2743 414 2794 ldenr.
448 2745 520 2794 Glar.
532 2752 559 2793 et
578 2746 648 2808 (luy.
664 2745 767 2792 inverso
783 2745 883 2806 ordine,
895 2745 1004 2794 Pmmrrm
1015 2746 1070 2793 olba
1078 2748 1159 2808 pmiaa
1173 2759 1290 2796 commeare

192 2808 275 2870 fllium
287 2807 364 2862 Quam
372 2812 480 2869 paterere
491 2810 524 2857 ad
534 2810 700 2857 mulierculam.
732 2809 867 2858 Quomodo
883 2810 983 2856 numeri
994 2809 1096 2884 quidem
1110 2812 1240 2871 meliores,
1251 2808 1290 2860 aad

199 2871 329 2919 sententia
350 2872 497 2934 impeditior
513 2872 551 2920 lit.
585 2874 641 2921 Nou
655 2871 728 2919 aliam
747 2871 900 2920 emendandi
913 2873 982 2921 viam
998 2874 1147 2936 instituam,
1160 2875 1198 2923 ad·
1207 2874 1289 2924 Horat.

199 2935 281 2984 Serm.
293 2949 324 2983 11.
344 2941 367 2984 ὁ.
379 2941 420 2984 79.
455 2937 602 2983 Commetare
620 2936 651 2982 ud
668 2935 836 2997 mulierculam,
853 2951 906 2998 quoe
917 2938 1021 2999 paululo.
1039 2937 1117 2987 Beni.
1153 2941 1291 2988 Commetare

200 3000 293 3060 probat
312 3000 371 3062 Bip.
397 3000 539 3060 Vulgatum
559 3005 632 3046 tenet
649 2999 789 3046 Bnnuann.
809 3000 841 3047 ad
862 3001 970 3051 Sueten.
993 3001 1086 3051 Claud.
1110 3017 1171 3064 cap.
1194 3007 1290 3053 well

199 3062 264 3111 Mas.
285 3062 398 3125 quidum,
420 3069 448 3110 et
466 3061 520 3111 EA.
555 3062 720 3112 Perterruirti.
753 3065 833 3112 West.
875 3066 911 3113 Ea
927 3080 954 3113 re
971 3064 1062 3114 Guelf.
1079 3071 1173 3117 2.—au
1191 3067 1243 3117 Alii
1259 3068 1289 3114 le-

200 3131 264 3186 gunt
282 3125 497 3174 detrimenta-tt
524 3124 603 3188 Vulg.
627 3127 753 3186 Oneratm
781 3127 990 3192 frequentissimo
1020 3130 1185 3179 librariorum
1215 3132 1289 3194 lapan.

200 3189 280 3238 Both.
292 3189 336 3252 qni
355 3189 434 3252 igitur
448 3191 513 3253 legit
529 3190 641 3239 Orurutur⁸
678 3192 712 3240 Et
722 3207 770 3254 pro
786 3198 855 3256 utque
871 3193 957 3242 ouen.
967 3199 991 3243 2.
1026 3194 1094 3243 ‘Um
1114 3197 1172 3244 eorl.
1190 3202 1291 3258 antropos

200 3267 247 3314 ap.
256 3253 334 3305 Bent.
347 3253 391 3318 qui
407 3253 466 3303 inde
478 3253 551 3314 facit,
563 3256 625 3303 eliso
640 3270 662 3315 r,
674 3255 792 3318 satrapa!
802 3257 873 3305 Perl.
907 3258 950 3306 Ita
967 3272 1070 3322 quoque
1081 3259 1141 3322 Bip.
1154 3259 1291 3309 notu-u

199 3317 277 3392 Yulg.
294 3317 402 3382 &fferre
412 3319 461 3380 ejar
476 3324 573 3367 tumtun.
609 3321 657 3367 Sed
673 3318 793 3383 displicet
801 3319 830 3369 rb
841 3321 899 3382 einr,
916 3336 992 3386 equo
1004 3336 1094 3371 remus
1104 3324 1215 3372 laborat.
1231 3323 1290 3373 'lum

199 3395 255 3429 arne
268 3381 345 3430 dnbio
356 3382 469 3431 imitatur
482 3383 536 3432 Cic.
547 3383 579 3431 ad
592 3384 664 3432 Fam.
677 3395 705 3431 x.
721 3388 760 3433 lo.
773 3391 839 3434 extr.
853 3386 964 3435 ronbit:
981 3391 1051 3435 ‘non
1062 3387 1083 3435 ri
1094 3387 1221 3437 Varronis
1233 3389 1291 3437 tima

199 3445 331 3507 haberem,
348 3444 466 3496 erudirere
486 3448 583 3496 rumtni
603 3448 722 3511 possem)
757 3448 800 3498 sic
822 3450 889 3498 enim
910 3465 969 3498 cnm
991 3450 1024 3500 P.
1044 3450 1116 3500 Man.
1138 3466 1170 3500 ex
1196 3453 1291 3500 dnobrn

199 3510 307 3559 vetustis
319 3511 401 3559 verirra
412 3511 448 3560 ibi
468 3512 585 3574 legimns,
596 3527 671 3576 quam
689 3512 758 3574 vulg.
770 3514 895 3562 subridere
903 3515 1000 3575 rumtai,
1012 3515 1079 3576 quod
1092 3528 1231 3579 perperam
1243 3523 1290 3564 tue·

200 3575 385 3624 moremati
407 3576 601 3626 Linxxvrut.
635 3575 685 3624 Sed
701 3583 728 3623 et
742 3577 767 3625 h.
787 3578 805 3624 l.
825 3592 867 3640 ap.
884 3578 942 3625 Ter.
965 3578 990 3625 in
1005 3579 1047 3629 ed.
1065 3587 1118 3628 ret.
1136 3594 1160 3629 c.
1183 3580 1292 3644 liggzest

198 3639 362 3715 mffieereejur
381 3645 479 3689 amiur.
500 3641 579 3689 verba
592 3639 742 3701 ‘atribuere'
762 3639 904 3700 ‘sufferre'
926 3641 1106 3704 ‘subsistere’
1125 3645 1223 3706 rapina
1240 3657 1292 3707 per·

198 3713 289 3754 mixta.
325 3706 423 3754 Nostra
434 3705 498 3754 ratio
518 3706 574 3755 Cic.
592 3710 620 3752 et
629 3706 689 3754 Ter.
707 3704 867 3753 reconciliat.
880 3703 919 3754 Cf.
932 3703 977 3755 ini.
989 3706 1022 3755 ad
1041 3706 1119 3755 Scau.
1132 3721 1163 3756 rr.
1177 3707 1230 3757 34!
1240 3708 1293 3769 au.

200 3769 243 3829 qni
255 3769 314 3817 lude
324 3770 507 3834 legit,rufflrere
523 3771 545 3818 ir
555 3768 651 3817 erratui.
686 3767 794 3832 sufferre
805 3769 922 3818 defendit
933 3770 1069 3819 Perl—‹ib
1088 3771 1208 3832 Linacer,
1220 3771 1290 3831 ntur,

198 3831 406 3892 eugubinam
424 3837 467 3883 rit.
501 3828 542 3882 ltl
559 3840 586 3880 et
598 3833 660 3882 Mra.
678 3833 790 3896 qnidam,
801 3840 828 3880 et
840 3833 903 3882 editi
920 3835 1101 3885 vetustissimi.
1123 3837 1201 3886 Wrat.
1234 3836 1289 3884 ‘nt

200 3895 264 3944 ntes.
276 3905 304 3945 et
322 3897 382 3948 edd.
398 3898 424 3947 ri'
435 3899 477 3962 rit,
496 3905 662 3961 repugnante
680 3897 782 3946 metro!
799 3897 859 3961 Rip.
891 3897 921 3947 Si
935 3899 971 3947 rit
986 3897 1076 3950 Guelf.
1088 3903 1182 3950 9.-46
1201 3898 1291 3950 Nnud

691 4026 798 4076 NOTAE

343 4127 375 4172 at
393 4124 526 4188 lngrdib}
540 4125 733 4176 Aduerbialiter
745 4122 894 4187 punitur,id
905 4132 955 4187 eat,
967 4123 1048 4174 inrito
1059 4123 1155 4175 animo.
