2678 4694
194 292 259 363 648
564 309 595 355 n.
618 303 799 356 uenenum
823 302 913 354 urm

196 450 281 516 Inde
297 450 391 527 adeo,
407 447 498 534 quod
514 468 627 531 agrum
638 449 674 512 in
690 467 856 533 proxumo
867 447 921 512 hic
934 453 1100 514 mercatus
1115 466 1163 528 es,

197 552 273 616 Nec
288 553 336 615 rei
350 551 418 615 sere
433 571 513 615 sane
528 550 672 633 amplius
687 550 863 633 quicquam
879 549 963 629 suit;

196 653 327 717 Tamen
340 654 393 716 vel
409 654 515 716 virtus
531 659 590 715 tua
606 672 669 727 me,
684 651 739 716 uel
752 652 919 727 vicinitas,

198 752 300 831 Quod
314 774 377 836 ego
393 756 426 817 in
440 755 628 836 propinqua
643 760 739 836 parte
753 753 912 818 amicitiae
928 758 1022 835 puto,

199 854 309 932 Facit,
325 863 363 919 ut
374 860 407 919 te
423 855 582 919 audacter
597 874 760 933 moneam,
775 860 808 918 et
821 853 1048 934 familiariter3

198 958 302 1037 Quod
317 958 399 1022 mihi
414 957 527 1023 videre
542 964 663 1040 praeter
677 962 807 1022 artatam
821 962 914 1021 tuam

200 1060 335 1138 Facere,
350 1066 383 1124 et
398 1065 521 1142 praeter
536 1078 636 1142 quam
649 1077 704 1123 res
719 1065 752 1122 te
768 1059 962 1123 adhortatur
977 1067 1046 1122 tna.

200 1160 292 1227 Nam
304 1160 388 1244 proh
404 1161 513 1224 Deum
527 1167 627 1243 atqua
642 1160 813 1224 hominurn
825 1159 942 1225 iidem!
965 1159 1046 1242 quid
1061 1159 1114 1225 vis
1130 1159 1218 1225 tibil

200 1259 292 1341 Quid
307 1262 455 1346 quaerisl
480 1280 585 1326 annos
601 1262 775 1343 sexaginta
789 1268 888 1325 natus
903 1279 953 1335 as,
1060 1330 1063 1335 ,
1257 1254 1294 1324 10

198 1363 271 1433 Aut
285 1365 362 1447 plus
377 1384 429 1441 eo,
444 1371 482 1427 ut
496 1363 654 1447 conjicio:
678 1382 792 1444 agrurn
807 1361 909 1426 inhia
924 1361 1113 1441 regionibus

200 1463 389 1548 Meliorem,
404 1483 509 1548 neque
525 1465 625 1547 pretii
638 1465 790 1547 majoriS,
805 1483 901 1527 nemo
916 1461 1034 1542 habet3

200 1567 324 1632 Servos
339 1567 560 1649 complureis:
583 1566 726 1650 proinde
742 1567 839 1650 quasi
854 1584 951 1628 nemu
967 1564 1041 1642 siet,

200 1670 256 1734 Ita
271 1675 340 1736 tute
354 1675 481 1733 attente
494 1669 627 1733 illorum
643 1667 754 1733 officia
769 1668 913 1748 iungere.

200 1769 382 1850 Nunquam
398 1773 466 1832 tam
482 1787 579 1832 mane
595 1767 757 1850 egredior,
770 1787 879 1851 neque
894 1775 963 1831 tam
979 1769 1108 1851 vesperi
1257 1770 1295 1835 15

201 1870 349 1935 Domum
364 1873 523 1946 revertor,
539 1868 618 1952 quin
634 1879 668 1932 te
682 1868 716 1932 in
731 1868 837 1932 fundo
853 1869 1028 1950 conspicer

201 1970 343 2048 Fodere,
356 1977 415 2034 aut
429 1988 533 2048 arare,
548 1959 608 2034 aut
622 1959 748 2052 aliquid
761 1971 856 2034 serre.
907 1969 1060 2052 Denique

200 2151 265 2203 dium
275 2153 301 2202 ia
311 2152 354 2202 huc
365 2151 453 2202 uicinia
465 2151 556 2200 emitti:
572 2166 614 2200 rrec
624 2151 673 2199 ullu
684 2157 747 2200 certe
754 2150 820 2214 prior
829 2164 898 2199 cuum
909 2149 958 2198 alin
969 2155 1004 2199 cot
1015 2148 1064 2212 ejue
1074 2150 1183 2201 notitia:
1201 2157 1296 2202 celem

171 2244 175 2251 ·
200 2219 237 2265 trel
248 2218 323 2267 uirtus
334 2223 383 2277 tua,
393 2218 430 2265 uel
439 2216 559 2277 oicioitm,
570 2214 629 2278 quod
637 2231 683 2263 noo
693 2215 720 2262 iu
728 2221 832 2264 extrema
843 2220 911 2275 purte
921 2214 1032 2263 amicitior
1042 2230 1110 2277 porro,
1120 2230 1157 2264 me
1167 2216 1295 2277 induciari

201 2281 387 2341 tefumiliorr'ter
397 2285 421 2328 et
431 2280 501 2328 libere
512 2294 626 2339 moneam,
633 2284 658 2327 te
669 2279 727 2327 mitri
738 2280 814 2327 uideri
831 2285 912 2327 contro
925 2279 1019 2326 cerrilem
1029 2283 1095 2326 tuum
1105 2284 1202 2330 etatem
1211 2295 1297 2341 germ.

201 2349 224 2392 et
235 2350 322 2418 preter
332 2359 401 2406 qurum
411 2345 505 2392 utiliter
521 2350 563 2392 tun
578 2345 669 2391 madet.
704 2343 770 2391 Num
786 2343 845 2404 prolr
865 2343 969 2391 Deorum
986 2349 1055 2405 otmce
1073 2343 1193 2393 lrcmirrum
1204 2341 1295 2410 fidem!

232 2409 258 2456 ud
268 2409 314 2470 uie,
328 2415 369 2457 uret
380 2408 435 2471 quid
444 2405 525 2470 petio?
542 2407 666 2469 explevisti
676 2421 763 2455 uorum
774 2408 954 2466 sexagesimum,
965 2413 1007 2456 cut
1025 2423 1078 2455 cum
1095 2409 1200 2470 excedit,
1210 2416 1238 2458 ut
1248 2423 1296 2457 cm·

195 2422 259 2530 jerem
269 2487 278 2530 ‚·
290 2487 355 2521 remo
364 2472 467 2535 procidet
477 2485 560 2533 ugrum
566 2471 719 2530 fertiliorem,
727 2484 800 2532 rreque
807 2471 882 2530 pluris
892 2472 1033 2519 estimatum
1044 2471 1068 2518 iu
1080 2471 1220 2546 confinibus,
1230 2485 1295 2535 mque

91 2586 94 2593 ,
198 2536 270 2597 plum
282 2537 408 2599 mancipio,
424 2548 493 2598 quum
510 2540 546 2595 tu,
562 2534 647 2592 dudm
663 2540 741 2582 tumen
758 2540 784 2582 m
801 2534 850 2596 ipre
869 2535 963 2583 illorum
978 2535 1053 2599 officio
1064 2535 1148 2594 secur
1165 2537 1245 2586 ouirrro
1254 2543 1296 2586 arr

201 2605 302 2660 omento,
312 2601 380 2662 quari
390 2602 466 2648 nullm
476 2598 569 2648 lobene.
604 2598 731 2660 Nunquam
748 2602 797 2646 tum
813 2613 881 2646 nenne
899 2613 964 2658 exeo,
981 2613 1053 2662 oeque
1070 2601 1139 2648 redeo
1150 2602 1295 2650 commem

202 2677 262 2724 cero,
272 2668 299 2712 ut
315 2679 361 2712 rtorr
380 2665 471 2713 oideum
487 2663 511 2711 te
525 2664 581 2724 puta
599 2666 640 2711 uut
657 2662 704 2710 ulio
717 2662 864 2721 ferramento
880 2667 967 2710 terram
983 2677 1064 2711 mucre
1080 2663 1106 2712 irr
1122 2679 1183 2726 agro
1201 2670 1250 2727 tuo,
1261 2667 1296 2713 eut

203 2729 291 2777 orando
310 2727 425 2791 liberare,
444 2734 485 2776 out
502 2727 594 2791 aliquod
609 2742 667 2776 orrur
684 2741 783 2788 gereret
803 2728 899 2789 denique
916 2728 1005 2775 nullum
1022 2728 1296 2794 remeaturumque

203 2986 253 3036 que
272 2970 375 3033 recipit.
395 2971 519 3019 Weet.-4
543 2969 654 3019 Quidam
678 2970 744 3018 Mes.
761 2985 813 3019 meo
830 2969 997 3020 miritae-5
1022 2970 1173 3035 Propinqua,
1193 2973 1297 3023 obscure

204 3036 306 3099 quidem
317 3052 323 3082 z
342 3032 410 3096 qnod
423 3033 536 3082 centiens
547 3033 628 3082 Bent.
637 3034 779 3097 reponebat
790 3052 796 3083 z
811 3036 879 3090 Quod
887 3050 929 3096 ego
940 3050 989 3084 eme
999 3036 1024 3084 in
1035 3036 1114 3098 ulique
1124 3043 1201 3099 purte.
1226 3037 1298 3097 Vide,

204 3114 236 3148 an
248 3112 296 3146 non
308 3098 407 3152 melius,
422 3097 556 3159 propinqui.
574 3097 649 3145 Botlr.
683 3099 833 3148 Lectionum
846 3100 957 3147 Bentleii
970 3100 1074 3148 exhibet
1086 3101 1157 3150 Peri.
1178 3107 1207 3150 et
1224 3103 1298 3164 utiquc

203 3163 298 3224 legirse
311 3161 537 3223 videtrtr,Eug.—d
553 3161 598 3209 Br.
604 3160 851 3220 familiaritate—lt)
867 3163 932 3211 Mas.
943 3163 1063 3226 qrridam:
1081 3166 1131 3213 Aut
1140 3165 1199 3226 quid
1210 3167 1300 3230 querit,

204 3226 272 3274 hund
284 3225 359 3286 male,
370 3230 491 3273 censente
503 3224 640 3275 Botio-ll
661 3228 808 3277 Delendum
818 3242 845 3275 eo
856 3233 943 3276 monet
956 3229 1033 3277 Bent.
1046 3233 1073 3277 et
1084 3228 1224 3290 legendum
1236 3246 1242 3279 r
1254 3231 1299 3279 Aut

202 3293 267 3354 plur,
283 3294 308 3338 ut
321 3288 426 3349 conjicio,
444 3287 572 3352 quomodo
584 3295 613 3337 et
624 3291 701 3339 Both.
736 3293 790 3341 ΕΡ.
803 3306 854 3339 non
872 3291 986 3354 agnorcit
1002 3290 1033 3339 rt
1050 3296 1155 3342 ute—12
1171 3292 1216 3344 ΑΙ.
1231 3293 1298 3357 preti.

204 3357 270 3402 -ld
289 3351 331 3403 Au
351 3354 479 3414 comploret
498 3352 566 3401 idem
588 3354 656 3414 quod
673 3355 763 3417 plures,
787 3355 869 3418 gradu
892 3356 1086 3418 comparativo?
1121 3356 1255 3423 Nusquam
1276 3346 1299 3405 tt

204 3418 309 3467 lectum.
345 3418 452 3479 Repone
463 3417 504 3466 rel
523 3431 579 3466 cnm
591 3416 747 3491 Guyaderci
765 3421 907 3482 complures:
925 3420 1101 3512 subintellige,
1115 3425 1170 3469 eunt
1188 3421 1249 3471 titt.-
1264 3421 1300 3470 rel

204 3481 969 3596 ltili:fittttttt'tttettttlltlellarii.
988 3483 1300 3599 &trutinet

204 3614 212 3640 ⁴
226 3611 324 3674 Agrum
337 3610 362 3658 in
374 3609 571 3672 hieregiouibna
583 3609 717 3659 Meliorem
728 3624 811 3675 neque
823 3611 892 3673 preti
903 3611 1005 3673 majoris
1018 3625 1093 3660 nemo
1102 3611 1217 3662 habet.'’
1236 3615 1299 3676 Ergo

205 3673 1300 3792 tutudittritta?‘iltuitlttttitlttti‘ltituit

206 3774 284 3851 ‘esre
293 3772 370 3866 negat
380 3753 459 3851 Begnt.
470 3753 527 3850 th
538 3752 607 3866 ¹t’luy.
615 3772 667 3864 legi
678 3804 790 3853 mavult:
808 3753 878 3852 Serere
888 3805 1023 3866 complures,
1039 3818 1076 3853 rc.
1085 3776 1145 3853 ’tibi
1153 3757 1237 3856 qsurrt.
1259 3757 1301 3854 eAt

205 3880 253 3913 noe
265 3866 350 3928 polius
361 3880 393 3914 ex
406 3864 559 3930 superiorib.
571 3863 667 3915 referre
678 3867 824 3929 suademus,
838 3881 903 3915 uemo
914 3867 991 3922 moer,
1009 3882 1045 3916 ve.
1059 3873 1098 3919 12.
1108 3883 1176 3918 nemo
1195 3869 1221 3920 h.
1233 3872 1251 3920 l.
1267 3884 1301 3919 ec.

206 3928 356 3978 cervorum!
390 3932 467 3980 ‘Nou
478 3930 635 3992 indignantis
646 3939 675 3979 et
685 3931 844 3995 objurgantis
863 3933 941 3992 iringis
960 3939 1000 3980 est
1017 3933 1114 3994 proinde
1133 3933 1211 3995 quari,
1228 3948 1301 3999 quum

206 3994 227 4040 ai
238 3994 335 4055 perinde
345 3995 412 4055 quoti
424 3995 543 4054 dirimet,
560 3995 628 4059 quod
639 3995 789 4044 existimant
798 3995 831 4043 G.
841 4001 868 4043 et
881 3996 909 4044 F.
918 3997 946 4044 F.
959 4010 1017 4043 nam
1030 4003 1056 4044 et
1068 3997 1115 4044 lroc
1128 3996 1188 4045 libri
1199 3999 1299 4062 quidam

207 4055 369 4119 praeferunt!
383 4059 526 4108 Wert.-14
549 4060 560 4098 -‘
570 4060 669 4109 Omnes
685 4058 786 4117 uostri,’
811 4058 895 4120 inquit
918 4060 995 4109 Bent.
1015 4065 1091 4109 ‘cum
1104 4061 1163 4110 edd.
1176 4069 1242 4112 vett.
1266 4065 1303 4111 ltu

206 4125 296 4171 attente
307 4119 375 4170 tuta'
410 4123 558 4186 Etsurrgerc
578 4122 666 4174 Guelfr
682 4127 771 4175 2.-17
790 4122 880 4172 Cicero
901 4123 932 4173 de
951 4124 1008 4174 Flu.
1021 4139 1041 4173 r.
1054 4127 1078 4174 1.
1097 4124 1136 4176 ita
1153 4126 1220 4179 citat
1238 4127 1303 4179 hunc
